2737 3600
2 1459 17 1626 ,assidat-ur...ss
2 1395 5 1399 '

131 746 271 821 oum
300 786 393 819 ante
423 774 499 820 hos
530 773 722 820 tredecim
751 776 841 821 fere
871 792 998 822 annos
1022 775 1384 831 Quaestiones
1412 781 1581 821 nostras
1610 775 1931 821 Horatianas
1962 776 2247 831 edidissemus,
2277 774 2319 818 in
2350 772 2495 832 quibus

132 850 175 887 et
202 844 252 886 de
283 842 426 886 ordine
455 858 502 886 ac
532 849 735 903 tempore,
775 860 851 902 quo
881 849 1068 904 poemata
1097 860 1172 889 sua
1199 845 1397 889 Horatius
1438 845 1505 887 vel
1547 845 1762 903 scripserit
1796 845 1862 888 vel
1901 844 2129 903 digesserit
2155 848 2274 899 atque
2303 840 2497 894 ediderit,

130 914 274 955 contra
301 908 567 955 Bentleianas
605 912 858 971 potissimum
885 912 1073 956 rationes
1105 912 1313 973 disputare
1352 925 1505 970 suaque
1548 916 1731 970 tempora
1759 917 1801 954 et
1827 912 1943 955 libris
1973 911 2215 955 Horatianis
2246 914 2290 952 et
2318 907 2495 966 singulis

131 978 288 1036 eclog-is
318 979 537 1036 assignare
566 980 701 1022 conati
739 994 900 1034 sumus,
940 985 982 1023 et
1010 980 1060 1023 de
1089 982 1213 1023 rebus
1243 980 1448 1023 nonnullis
1490 978 1542 1021 ad
1571 979 1804 1036 singulares
1830 980 2034 1023 hominum
2064 993 2112 1021 ac
2141 983 2367 1036 temporum
2397 989 2495 1018 con-

128 1044 305 1089 ditiones
333 1046 628 1105 pertinentibus
657 1046 776 1105 paulo
806 1047 1041 1105 diligentius
1071 1047 1284 1106 explorata
1310 1045 1614 1104 proposuimus,
1642 1046 1783 1089 nescio
1801 1060 1876 1104 qua
1907 1046 1971 1089 vel
1998 1045 2192 1088 fortunae
2220 1044 2496 1103 prosperitate

127 1113 197 1156 vel
225 1114 419 1172 temporis
450 1115 750 1172 opportunitate
778 1114 927 1157 factum
957 1119 1037 1169 est,
1069 1120 1111 1157 ut
1139 1112 1399 1172 complurium
1428 1112 1607 1154 virorum
1636 1111 1844 1155 doctorum
1873 1114 2006 1156 studia
2035 1114 2116 1155 iam
2145 1117 2239 1154 aute
2257 1113 2307 1154 ab
2323 1112 2400 1153 bac
2414 1125 2497 1152 ma·

130 1181 236 1224 teria
264 1180 475 1224 tractanda
499 1180 608 1224 haud
637 1182 771 1225 aliena
799 1181 928 1236 (velut
954 1179 1282 1236 Weicherti,
1311 1179 1579 1234 Richteri,
1609 1178 1659 1222 C.
1688 1180 1960 1235 Passovii,
1991 1180 2043 1224 G.
2069 1179 2120 1223 F.
2152 1177 2499 1230 Grotefendi,

133 1263 301 1306 quorum
331 1249 643 1292 commentarios
671 1262 755 1292 non
775 1262 878 1307 opus
899 1252 1022 1291 estut
1050 1249 1153 1292 satis
1189 1252 1312 1292 notos
1341 1247 1409 1290 hic
1436 1248 1682 1302 memorare)
1712 1248 1846 1291 acrius
1878 1249 1996 1291 etiam
2027 1247 2277 1301 exarserint,
2308 1250 2353 1288 ut
2374 1244 2501 1304 pluri·

131 1316 208 1360 bus
237 1315 304 1358 vtel
345 1315 494 1358 libellis
524 1315 592 1358 vel
618 1315 753 1374 plenis
782 1315 1049 1358 voluminibus
1079 1330 1168 1358 cum
1198 1315 1421 1358 summatim
1450 1313 1501 1356 de
1530 1313 1695 1357 Horatii
1722 1315 1832 1370 vita,
1861 1316 2046 1373 ingenio,
2075 1315 2254 1358 moribus
2285 1327 2336 1356 ac
2363 1313 2501 1372 poisi,

131 1390 214 1426 tum
244 1382 294 1425 de
322 1383 515 1426 librorum
545 1383 593 1426 ab
623 1384 716 1441 ipso
746 1382 944 1426 editorum
975 1383 1117 1426 ordine
1146 1386 1189 1425 et
1217 1381 1268 1425 de
1298 1380 1552 1439 singulorum
1578 1387 1807 1440 poematum
1836 1381 1972 1425 indole
2001 1397 2049 1425 ac
2077 1381 2325 1441 temporibus
2352 1379 2501 1439 singil-

131 1451 243 1495 latim
271 1464 469 1508 quaerere
500 1464 548 1494 ac
576 1449 786 1494 disserere
815 1450 1080 1493 instituerint.
1138 1448 1203 1493 Ac
1231 1449 1400 1509 primum
1431 1446 1550 1492 car.
1579 1448 1807 1492 Frankii
1835 1449 2034 1492 inFastis
2063 1449 2302 1493 Horatianis
2332 1447 2499 1504 (Berol.

132 1520 269 1573 1839)
294 1518 497 1561 exhibitas
527 1517 698 1560 subtiles
728 1522 1019 1575 accuratasque
1051 1517 1347 1576 disputationes
1378 1516 1603 1559 honorifice
1632 1530 1916 1560 commemoro.
1976 1518 2087 1560 Tum
2117 1517 2251 1560 Guil.
2282 1516 2501 1573 Sigism.
2519 1520 2529 1535 ¹

131 1585 279 1628 Teuf
283 1586 305 1628 f
308 1585 446 1627 elius
476 1585 632 1642 insigni
660 1585 819 1641 ingenii
858 1586 1085 1642 sagacitate
1124 1583 1325 1641 studiique
1356 1583 1597 1627 assiduitate
1632 1583 1814 1642 pluribus
1852 1584 2151 1631 commentariis
2190 1588 2232 1627 et
2269 1582 2319 1627 de
2357 1583 2502 1642 singu-

130 1652 182 1697 lis
211 1653 320 1696 vitae
335 1651 588 1697 Horatianae
603 1652 786 1711 partibus
803 1650 909 1695 etde
923 1656 1150 1711 poematum
1178 1651 1426 1710 temporibus
1444 1651 1545 1709 egit.
1591 1649 1667 1693 W.
1684 1650 1736 1695 E.
1767 1650 1895 1694 Web
1908 1666 2029 1694 erus
2057 1652 2101 1693 in
2122 1651 2230 1693 libro
2260 1650 2345 1706 ‚‚Q.
2361 1650 2501 1693 Hora-

133 1722 215 1764 tius
228 1721 405 1763 Flaccus
435 1720 497 1763 als
513 1719 690 1763 Mensch
721 1719 800 1762 und
827 1719 1034 1762 Dichter“
1061 1717 1215 1776 (Jenae
1245 1720 1374 1774 1844)
1403 1719 1624 1777 ingeniosa
1653 1733 1730 1776 qua
1759 1720 1971 1762 consuevit
2000 1719 2187 1763 sollertia
2224 1733 2303 1763 nec
2340 1719 2503 1763 minore

133 1789 314 1832 acumine
355 1802 472 1845 quam
509 1786 735 1830 eruditione
772 1787 838 1830 his
869 1785 920 1832 de
963 1786 1086 1831 rebus
1117 1785 1324 1831 disseruit.
1382 1785 1439 1833 H.
1465 1786 1772 1830 Diintzerus
1802 1787 1846 1831 in
1873 1787 1999 1831 libro:
2029 1786 2207 1842 „Kritik
2237 1785 2321 1831 und
2349 1786 2501 1831 Erkla'i·

131 1870 240 1914 rung
269 1854 342 1898 der
370 1854 476 1898 Hor.
507 1851 737 1897 Gedichte“
766 1852 944 1897 Brunsv.
976 1856 1089 1897 184⁰
1105 1879 1159 1887 —
1174 1854 1288 1897 1844
1314 1854 1497 1897 rationes
1538 1867 1635 1897 suas
1670 1855 1876 1898 liberrime
1912 1859 2155 1915 persecutus
2179 1858 2258 1898 est.
2318 1853 2501 1898 Stren-

132 1923 290 1967 berus
319 1922 362 1965 in
390 1920 518 1964 librot
551 1918 867 1979 „Chronologie
897 1920 971 1963 der
999 1919 1102 1963 Hor.
1131 1920 1426 1978 Dichtungen“
1456 1919 1578 1975 (Bas.
1611 1922 1742 1979 1848)
1770 1922 1908 1965 varias
1950 1923 2132 1965 virorum
2161 1921 2373 1965 doctorum
2404 1936 2500 1965 sen-

132 1990 281 2033 tentias
324 1989 434 2031 inter
471 2001 518 2030 se
547 1989 815 2045 comparavit:
861 1987 1145 2045 Zumptius·
1163 1986 1216 2032 V.
1250 1986 1314 2031 el.
1341 1988 1386 2030 in
1413 1986 1705 2031 Wiistemanni
1731 2003 1840 2032 nova
1868 1987 2110 2032 Sermonum
2140 2004 2194 2032 ex
2222 2004 2308 2032 rec.
2369 1988 2499 2033 Hein-

132 2057 252 2099 dorfii
280 2055 458 2098 editione
489 2069 602 2097 suam
630 2053 680 2097 de
706 2053 933 2097 Satirarum
961 2053 1208 2112 temporibus
1239 2054 1481 2108 sententiam
1509 2055 1725 2114 exposuit,
1755 2060 1797 2098 et
1812 2055 1864 2098 B.
1881 2054 1931 2098 de
1951 2055 2251 2111 Walckenaer,
2281 2070 2337 2099 ex
2365 2056 2500 2099 doctis

132 2122 446 2181 Francogalliae
474 2121 693 2177 nobilibus,
723 2120 877 2165 duobus
906 2120 1174 2165 voluminibus
1193 2121 1296 2165 satis
1312 2121 1455 2182 amplis
1483 2121 1692 2179 (Histoire
1721 2121 1772 2165 de
1785 2122 1827 2165 la
1844 2123 1910 2166 vie
1931 2127 1974 2166 et
2003 2122 2076 2167 des
2092 2124 2258 2183 poesies
2274 2123 2499 2167 d’Horace.

132 2190 257 2234 Paris
287 2190 418 2244 1840)
456 2189 500 2232 in
542 2187 686 2231 eodem
715 2193 953 2248 argumento
983 2189 1153 2247 copiose
1181 2193 1371 2231 versatus
1402 2193 1481 2232 est.
1536 2189 1625 2232 Alii
1651 2195 1870 2248 praeterea
1896 2189 2004 2233 haud
2030 2192 2150 2249 pauci
2178 2191 2228 2234 de
2256 2192 2381 2234 rebus
2412 2192 2499 2233 sin-

130 2258 241 2317 gulis
258 2256 532 2316 singularibus
547 2255 695 2299 libellis
710 2259 899 2313 egerunt,
933 2270 1036 2313 quos
1051 2257 1118 2298 vel
1133 2270 1273 2299 omnes
1289 2270 1515 2300 memorare
1541 2256 1724 2315 longum,
1752 2257 1819 2302 vel
1847 2257 2034 2315 singulos
2062 2258 2292 2317 praeterire
2320 2256 2501 2303 invidio-

133 2340 223 2369 sum
252 2329 329 2368 est.
378 2322 558 2376 Quorum
588 2324 762 2368 omnium
790 2323 918 2367 variis
949 2322 1305 2383 disputationibus,
1345 2324 1426 2369 etsi
1454 2323 1562 2369 haud
1589 2339 1719 2385 pauca
1746 2324 1974 2370 accuratius
2004 2339 2119 2384 quam
2147 2324 2245 2372 olim
2273 2325 2501 2388 perquisita

133 2397 177 2436 et
212 2392 415 2436 illustrata
451 2396 568 2446 sunt,
608 2396 743 2434 tamen
780 2395 824 2433 ut
860 2390 907 2432 fit
941 2391 985 2433 in
1021 2391 1144 2434 rebus
1185 2390 1317 2434 dubiis
1346 2396 1389 2434 et
1416 2393 1621 2449 obscuris,
1650 2407 1738 2436 cum
1776 2407 1851 2435 sua
1889 2394 2031 2450 cuique
2068 2394 2243 2436 maxime
2271 2395 2500 2453 placerent,

134 2473 233 2502 vere
260 2458 451 2502 effectum
479 2464 559 2513 est,
587 2464 631 2501 ut
658 2460 789 2517 major
817 2472 932 2516 quam
961 2462 1082 2500 antea
1109 2459 1363 2517 perturbatio
1395 2461 1618 2515 exstiterit,
1646 2475 1723 2504 nec
1752 2460 1882 2505 solum
1909 2474 1980 2504 res
2007 2459 2154 2506 dubiae
2184 2461 2227 2505 in
2255 2462 2416 2505 incerto
2431 2476 2499 2505 re·

133 2525 253 2570 lictae
282 2524 358 2569 sed
386 2539 487 2583 qnae
516 2525 729 2584 explorata
754 2526 835 2569 iam
864 2530 906 2569 et
933 2539 1134 2569 concessa
1163 2526 1414 2582 viderentur,
1456 2528 1501 2571 in
1539 2527 1699 2572 dubium
1742 2526 1872 2572 denuo
1915 2534 2062 2572 vocata
2104 2529 2200 2573 sint.
2286 2527 2351 2572 lta
2382 2530 2501 2587 quasi

133 2595 177 2637 in
207 2592 371 2652 ancipiti
397 2592 502 2635 libra
516 2605 719 2650 suspensa
757 2592 949 2650 pleraque
979 2594 1100 2637 etiam
1128 2608 1234 2639 nunc
1262 2595 1451 2651 haerent,
1489 2600 1533 2639 ut
1558 2595 1700 2654 poesis
1729 2594 1981 2639 Horatianae
2011 2594 2190 2640 studiosi
2219 2611 2298 2655 quo
2330 2611 2376 2639 se
2408 2611 2499 2639 ver-

135 2665 237 2716 tant,
265 2673 365 2717 quas
392 2659 598 2703 variorum
626 2659 852 2702 sententias
881 2659 1187 2718 amplectantur,
1215 2661 1308 2704 fere
1336 2663 1541 2717 nesciant,
1569 2661 1613 2705 id
1642 2661 1748 2720 quod
1774 2663 1894 2705 etiam
1922 2663 1965 2705 in
1981 2662 2099 2706 libris
2117 2677 2286 2723 operum
2303 2663 2499 2707 Horatia·

107 2788 114 2794 ι
139 2742 282 2772 norum
309 2740 439 2786 nuper
465 2724 586 2769 editis
616 2726 847 2769 auctoribus
877 2726 1070 2769 evenisse
1099 2726 1466 2773 animadvertimus.
1517 2758 1520 2760 -

248 2794 431 2838 Nostrae
468 2807 622 2851 quoque
651 2807 726 2836 suo
763 2798 944 2852 tempore
982 2793 1042 2850 (a.
1084 2795 1214 2849 1834)
1243 2795 1389 2839 favore
1418 2797 1667 2841 eruditorum
1705 2804 1900 2857 exceptae
1939 2798 2245 2855 Quaestiones,
2274 2798 2324 2842 de
2353 2800 2499 2856 quibus

137 2861 359 2907 Obbarii
387 2861 467 2904 viri
489 2865 568 2904 tam
597 2861 800 2919 exquisita
827 2859 1013 2903 doctrina
1041 2873 1156 2917 quam
1185 2862 1307 2905 animi
1335 2862 1516 2906 candore
1546 2865 1785 2909 excellentis
1814 2865 1943 2920 (Jahn
1971 2866 2123 2909 Annal.
2158 2868 2281 2910 1880.
2301 2864 2397 2910 vol.
2431 2869 2500 2909 io.

136 2931 262 2974 Fasc.
291 2933 366 2985 1):
394 2929 582 2973 Bahrii
608 2928 663 2974 V.
692 2927 756 2972 Cl.
786 2930 848 2984 (in
876 2929 1027 2972 Amal.
1055 2929 1181 2971 litter.
1202 2928 1394 2972 Heidelb.
1423 2932 1558 2988 1835)
1586 2932 1870 2976 Doederleinii
1888 2930 1942 2977 V.
1966 2931 2029 2978 cl.
2059 2935 2124 2988 (in
2142 2933 2295 2978 Annal.
2324 2933 2522 2978 litterar:

129 2996 379 3042 Monacens.
396 2997 558 3053 188632
586 2996 745 3056 Langii
757 2995 810 3043 V.
825 2994 891 3040 cl.
920 2996 987 3051 (in
1015 2994 1165 3039 Annal.
1184 2995 1273 3040 crit.
1300 2995 1445 3041 Berol.
1472 2999 1601 3044 1885.
1630 2998 1689 3043 T.
1709 2998 1782 3054 11.)
1806 2999 1961 3057 judicia
1979 3001 2205 3045 honorifica
2223 3007 2347 3060 grato
2363 3004 2501 3046 animo

134 3065 326 3124 legimus,
356 3071 601 3112 communem
630 3071 763 3108 tamen
792 3063 990 3123 ejusmodi
1018 3064 1259 3123 scriptorum
1289 3070 1442 3108 sortem>
1467 3066 1575 3110 baud
1603 3067 1852 3125 effugerunt,
1880 3072 1925 3111 ut
1952 3069 2032 3111 alia
2050 3068 2145 3112 aliis
2174 3069 2242 3112 vel
2258 3070 2503 3129 placuerint,

134 3132 203 3174 vel
229 3132 525 3191 displicuerint,
553 3133 747 3175 nonnulla
775 3131 982 3175 doctorum
1009 3146 1185 3175 assensu
1212 3133 1400 3190 probata,
1428 3134 1510 3179 alia
1538 3135 1605 3178 vel
1636 3135 1867 3179 addubitata
1893 3135 1959 3178 vel
1981 3137 2140 3193 rejecta
2168 3137 2400 3196 acriterque
2429 3141 2501 3193 im-

135 3205 316 3257 pugnata
344 3200 441 3246 sint.
498 3199 635 3258 Atque
663 3198 862 3258 ejusmodi
891 3198 1218 3254 dissensionibus
1248 3214 1297 3245 ac
1326 3199 1705 3262 disceptationibus,
1737 3202 1774 3246 si
1801 3200 1922 3246 modo
1951 3216 2041 3247 cum
2071 3217 2123 3248 ea
2151 3217 2232 3264 qua
2259 3203 2378 3249 decet
2394 3205 2503 3250 inter

2162 3287 2184 3326 1
