2737 3600
1344 180 1413 230 48

194 315 396 376 prolutus.
425 315 498 369 1⁰,
527 316 598 357 w.
630 312 850 373 expulsa
877 311 1256 357 Arbustuladl.
1273 312 1362 356 Sat.
1393 315 1435 368 1,
1450 315 1521 356 65.
1551 314 1827 357 introrsus
1857 314 2000 372 turpis.
2029 315 2074 368 2,
2095 316 2138 356 7.
2168 313 2321 359 Verum
2348 314 2567 357 baecim-

191 385 349 442 pransi.
391 385 460 426 29.
502 382 740 440 quamvis
780 380 976 426 distet:
1020 381 1096 424 nil
1132 381 1227 424 hac
1267 381 1435 439 magis
1465 379 1574 423 illa.
1606 383 1703 423 108.
1743 381 1880 425 fidet
1919 381 2010 424 sibi.
2039 384 2092 436 8,
2131 385 2173 424 4.
2208 388 2250 425 at
2278 382 2434 440 ipsis.
2467 384 2568 426 15⁶.

191 450 386 503 Quanti
415 456 579 509 empta
609 454 703 494 est.
733 451 779 503 4,
807 451 973 491 4.cum
1007 449 1083 490 sic
1113 453 1163 490 te
1192 453 1388 506 tempore.
1417 449 1486 489 44.
1515 447 1780 490 fecundae
1809 448 2122 507 leporis.5,89.
2152 455 2424 507 perstamc
2452 462 2567 507 per-

190 517 329 558 dura.
358 518 430 559 90.
463 515 697 559 offendit
725 514 929 573 garrulus.
961 517 992 556 Ι.
1025 514 1159 572 Epist.
1198 515 1235 569 Ι,
1265 518 1364 558 104.
1404 514 1777 558 stomacharis.
1819 516 1877 573 gl.
1909 516 2119 558 irasceris.
2152 515 2208 558 11.
2247 515 2325 575 Ep.
2354 518 2396 559 2.
2423 517 2496 560 44.
2525 519 2570 556 ut

188 583 373 627 vellem
404 598 541 626 curvo.
572 583 658 625 Ars
688 597 728 642 p.
762 585 858 625 169.
888 582 1155 638 incommoda,
1187 596 1245 625 eo
1277 595 1372 639 quo
1387 581 1426 625 d.

299 721 381 773 4³)
409 719 590 767 Mon.
622 716 685 764 2.
747 716 930 762 Codex
958 719 1001 764 2.
1034 716 1404 761 bibliothecae
1433 714 1641 778 Regiae
1669 715 2021 763 Monacensis
2052 732 2164 766 saec.
2192 717 2270 763 xl.
2299 718 2567 762 membranae.

188 789 229 829 in
257 790 329 830 4to
362 789 471 846 sign.
505 786 555 830 G.
583 786 748 829 LXIX.
781 786 876 829 olim
906 786 1146 828 monasterii
1178 785 1241 829 St.
1274 786 1468 829 Emerani
1497 785 1768 831 Ratisbonae.
1853 785 1988 830 Foliis
2020 791 2181 831 constat
2208 788 2309 843 121,
2338 798 2439 844 quae
2469 798 2566 830 con-

187 857 339 898 tinent:
402 858 445 906 a)
477 855 707 897 Salustii
737 868 900 911 opera
928 855 1001 895 fol.
1039 856 1209 895 1—55.
1244 855 1289 908 b)
1318 854 1540 896 Horatii
1579 867 1744 911 opera
1781 855 1975 908 omnia,
2013 855 2086 897 fol.
2115 857 2355 898 εἰσ-106.
2387 855 2433 907 c)
2461 852 2568 895 Bar-

194 923 413 966 tholomaei
431 921 696 965 Turonensis
728 922 782 977 (3)
813 935 978 964 carmen
1008 920 1233 980 elegiacum
1263 921 1314 964 de
1344 921 1500 976 Tobia,
1529 927 1573 964 ut
1601 920 1775 964 videtur.
1825 921 1972 965 Codex
1998 921 2122 964 multo
2150 936 2227 965 usu
2256 923 2375 965 tritus
2406 926 2448 963 et
2477 934 2568 962 sor·

188 990 323 1043 didus,
352 990 502 1031 litteris
532 990 687 1048 passim
719 989 950 1030 obscuratis
982 992 1023 1030 et
1052 988 1244 1044 detersis,
1273 989 1492 1047 praecipue
1523 988 1566 1030 in
1597 987 1763 1031 Horatii
1790 989 1933 1047 primis
1963 994 2006 1032 et
2032 988 2183 1031 ultimis
2212 989 2390 1047 paginis.
2437 986 2568 1030 Mem-

187 1059 339 1101 branae
369 1057 472 1100 folia
500 1071 578 1099 nec
608 1056 792 1112 aequalia
819 1070 896 1099 nec
925 1056 1028 1098 bene
1061 1061 1200 1106 secta3
1232 1057 1395 1099 omnino
1425 1069 1653 1114 possessor
1680 1070 1796 1097 usum
1825 1057 1958 1114 magis
1990 1071 2105 1113 quam
2135 1055 2379 1112 elegantiam
2409 1060 2568 1113 specta-

191 1126 263 1168 vit.
323 1124 410 1167 Sed
440 1130 575 1167 tamen
605 1124 792 1180 antiquus
823 1124 977 1180 probae
1027 1130 1150 1166 notae
1187 1123 1319 1166 codex
1357 1128 1398 1165 et
1434 1137 1488 1165 ex
1516 1123 1623 1165 bono
1663 1122 1889 1182 exemplari
1928 1123 2087 1166 ductus.
2145 1122 2311 1166 Horatii
2351 1136 2478 1180 opera
2507 1121 2568 1164 sic

191 1192 356 1250 digesta
386 1197 501 1234 sunt:
543 1190 767 1232 Odarum
796 1191 924 1232 libri
952 1189 1026 1235 IV.
1058 1192 1122 1244 (in
1151 1192 1294 1247 quibus
1323 1191 1468 1233 lacuna
1508 1191 1616 1232 iuter
1653 1190 1727 1233 fol.
1766 1192 1891 1242 m-
1903 1192 1976 1245 74,
2007 1204 2085 1247 qua
2115 1189 2357 1233 exciderunt
2386 1188 2464 1232 od.
2491 1186 2567 1233 IV.

188 1262 233 1312 7,
263 1262 334 1312 20,
366 1273 425 1314 sq.
459 1272 585 1313 usque
615 1257 680 1298 ad.
710 1256 844 1314 Epod.
880 1261 917 1297 l.
954 1271 993 1297 v.
1026 1260 1104 1308 24)
1134 1257 1351 1316 Epodon
1379 1258 1467 1300 lib.
1500 1255 1725 1300 Carmen
1763 1271 1901 1300 saec.
1941 1258 2047 1301 Ars
2083 1263 2218 1316 poet.
2253 1257 2362 1300 Tum
2391 1255 2464 1299 fol.
2496 1258 2568 1298 82.

189 1328 258 1372 83.
304 1326 609 1382 fragmenta
653 1323 849 1380 quaedam
899 1322 1200 1365 Satirarum
1255 1339 1561 1383 supervacanea
1615 1330 1708 1367 ante
1750 1323 1961 1383 Epistulas
2010 1325 2280 1383 interposita,
2332 1323 2367 1367 Ι.
2407 1322 2496 1367 Sat.
2525 1327 2570 1377 4,

191 1394 275 1435 122
294 1417 346 1425 —
366 1396 412 1446 6,
430 1394 489 1434 4⁰
518 1397 560 1434 et
589 1391 644 1433 11.
679 1390 772 1434 Sat:
800 1393 843 1436 8.
887 1390 1028 1433 eadem
1073 1390 1231 1448 quidem
1274 1405 1415 1441 manu,
1464 1407 1542 1450 qua
1569 1397 1734 1447 cetera,
1763 1397 1807 1434 ut
1854 1391 2036 1448 videtur,
2083 1393 2262 1452 scripta,
2303 1390 2378 1435 sed
2407 1406 2461 1435 cx
2490 1391 2570 1434 alio

189 1460 437 1519 exemplari,
498 1473 627 1517 eoque
683 1459 792 1502 bono
853 1464 894 1501 et
939 1465 1201 1516 pervetusto,
1261 1459 1496 1518 depromta:
1557 1474 1659 1516 quae
1704 1460 1938 1518 fragmenta
1973 1460 2108 1503 Mon.
2146 1463 2190 1515 2,
2220 1461 2260 1503 b.
2302 1459 2568 1518 signavimus.

190 1528 425 1586 Sequuntur
482 1527 560 1577 fol,
618 1528 689 1570 83.
749 1541 899 1569 averso
958 1525 1320 1584 Epistularum
1370 1527 1502 1570 libri
1541 1527 1597 1570 11.
1659 1533 1739 1570 tum
1799 1527 2101 1571 Sermonum
2153 1522 2312 1570 Libri
2349 1526 2412 1569 11.
2474 1525 2569 1569 Sin-

189 1596 311 1653 gulae
368 1595 489 1651 hujus
549 1593 703 1636 codicis
761 1594 939 1651 paginae
1007 1592 1188 1651 duplices
1246 1594 1395 1636 habent
1465 1594 1718 1649 columnas,-
1762 1596 1822 1638 4⁰
1859 1619 1910 1627 —
1954 1598 2015 1639 44
2070 1596 2259 1638 versibus
2318 1598 2572 1647 constantes,

189 1662 354 1719 scriptis
384 1660 652 1701 interlineas
685 1660 779 1700 stilo
811 1659 952 1700 ductas
993 1664 1034 1699 et
1063 1660 1261 1715 utrimque
1306 1665 1348 1701 et
1391 1660 1435 1701 in
1473 1659 1603 1702 medio
1655 1660 1804 1719 duplici
1847 1661 1958 1704 linea
1999 1660 2327 1720 perpendiculari
2383 1661 2571 1704 termina-

186 1736 264 1772 tas.
324 1727 529 1785 Stigmata
556 1726 754 1770 linearum
783 1726 826 1768 in
854 1726 1039 1782 margine
1071 1727 1280 1769 exteriore
1309 1728 1456 1784 ubique
1486 1727 1626 1769 infixa.
1687 1726 1816 1770 Modo
1845 1728 1920 1770 fol.
1954 1730 2041 1772 108
2078 1728 2152 1783 (11.
2184 1728 2273 1773 Sat.
2302 1730 2347 1785 ὗ,
2384 1732 2415 1772 8
2443 1752 2497 1761 -
2525 1731 2571 1783 0,

187 1798 264 1852 84)
295 1796 375 1838 alia
413 1808 531 1837 manu
573 1794 768 1851 scriptum
798 1793 1021 1850 simplicem
1051 1793 1174 1835 babet
1203 1794 1452 1847 columnam,
1495 1795 1654 1837 scilicet
1683 1795 1789 1851 quod
1826 1796 2017 1837 librarius
2057 1810 2177 1838 unum
2216 1796 2460 1855 exemplaris
2491 1797 2572 1850 sui,

189 1863 294 1907 unde
326 1862 569 1920 descripsit,
600 1860 740 1904 folium
770 1859 1117 1919 praetermiserat.
1175 1859 1366 1904 Litterae
1396 1860 1631 1918 eclogarum
1660 1862 1838 1905 initiales
1867 1863 2085 1920 pleraeque
2114 1863 2257 1906 eodem
2294 1878 2371 1920 quo
2410 1868 2574 1906 ceterae

190 1936 414 1974 atramento
448 1930 654 1988 scriptae;
684 1928 808 1970 minio
838 1928 972 1986 pictae
1001 1928 1286 1987 paucissimae.
1343 1928 1623 1972 Atramentum
1662 1944 1686 1972 e
1723 1930 1845 1988 nigro
1886 1931 2071 1985 fuscum,
2101 1945 2183 1974 non
2212 1931 2380 1988 aequale
2408 1931 2571 1987 ubique,

189 1999 260 2043 sed
292 2012 455 2055 semper
485 1996 625 2039 eadem
655 2010 797 2038 manus
828 2009 926 2037 esse
955 1995 1112 2036 librarii
1141 2009 1226 2037 non
1256 1994 1411 2036 indocti
1442 1996 1677 2038 videtur.-
1710 1996 1939 2039 Glossae
1969 2002 2021 2039 et
2049 1998 2258 2040 scholia
2285 1998 2440 2056 passim
2468 2011 2571 2041 non-

187 2066 323 2120 nulla,
363 2063 438 2107 sed
466 2077 597 2122 pauca
625 2062 744 2106 modo
784 2076 863 2104 nec
893 2062 1030 2119 magni
1060 2061 1245 2104 habenda
1287 2064 1344 2115 (v.
1374 2076 1409 2103 c.
1443 2062 1492 2104 ad
1532 2063 1586 2104 A.
1617 2069 1725 2121 poet.
1766 2077 1806 2107 V.
1832 2063 1920 2107 4⁶5
1945 2063 2122 2121 legitur:
2163 2064 2466 2123 „Empedocles
2495 2064 2573 2107 fuit

188 2135 351 2193 gigas
381 2130 686 2190 Agrigentinus
725 2130 1030 2188 pytagoricus).
1089 2129 1138 2172 In
1168 2129 1327 2187 glossis
1370 2130 1492 2172 etiam
1522 2127 1790 2172 Germanicae
1820 2122 1946 2173 vocEs
1976 2136 2199 2189 apparent,
2234 2131 2346 2174 velut
2371 2131 2407 2175 1.
2436 2130 2570 2189 Epist.

191 2206 235 2256 1,
263 2204 336 2243 19.
370 2212 473 2257 quos
503 2199 546 2240 in
575 2197 789 2239 vivaria
818 2197 988 2239 mittant.
1020 2196 1077 2254 gl.
1109 2196 1168 2239 ad
1197 2197 1364 2251 retia,
1396 2195 1448 2239 ad
1476 2210 1604 2239 nasas
1631 2198 1795 2239 laconas.
1824 2198 1968 2251 tro-'a
2000 2202 2196 2241 scruta.
2230 2197 2288 2256 gl.
2321 2213 2420 2256 quas
2447 2200 2572 2259 vulgo

187 2276 343 2325 gratas
370 2271 532 2308 vocant.
592 2265 701 2306 Hinc
731 2263 913 2305 codicem
950 2265 993 2304 in
1023 2263 1242 2305 Germania
1280 2277 1378 2305 esse
1409 2269 1541 2305 ortum
1576 2263 1698 2305 facile
1736 2262 1955 2322 colligitur.
2015 2263 2188 2308 Tituli
2218 2265 2365 2310 breves
2396 2267 2571 2327 singulis

192 2337 351 2393 eclogis
381 2334 524 2386 inditi,
563 2334 606 2375 in
642 2332 888 2375 carminibus
927 2332 1047 2373 metri
1083 2331 1358 2389 descriptione
1397 2331 1630 2390 plerumque
1668 2329 1818 2374 addita.
1848 2354 1905 2364 —
1934 2331 2219 2390 Scriptura
2256 2333 2375 2390 hujus
2416 2335 2570 2380 codicis

191 2418 268 2447 nec
298 2401 479 2459 aequalis
509 2400 681 2457 ubique,
711 2413 786 2442 nec
816 2397 963 2441 munda
1002 2404 1045 2441 et
1082 2398 1276 2456 elegans,
1318 2397 1393 2442 sed
1428 2398 1550 2457 plana
1578 2402 1713 2440 tamen
1742 2404 1784 2441 et
1811 2398 2039 2458 explicata,
2079 2399 2233 2442 saeculi
2259 2400 2354 2457 XL,
2393 2403 2570 2447 ineuntis

195 2471 328 2528 magis
361 2483 476 2526 quam
507 2468 719 2521 exeuntis,
761 2465 1093 2509 consuetudinem
1132 2466 1266 2524 prodit
1293 2467 1337 2508 in
1364 2466 1513 2509 litteris
1542 2465 1727 2508 rotundis
1754 2467 1888 2523 magis
1919 2479 2034 2522 quam
2064 2456 2294 2524 angulosis,
2324 2473 2366 2511 et
2394 2469 2435 2525 b,
2466 2469 2507 2525 d,
2536 2471 2571 2526 f,

189 2540 220 2593 l,
250 2553 293 2597 p,
322 2552 360 2592 r,
391 2539 421 2590 ι’,
452 2538 496 2589 ss',
528 2548 653 2593 supra
683 2539 725 2575 et
752 2533 863 2575 infra
889 2532 1038 2575 lineam
1063 2533 1225 2591 longius
1243 2532 1469 2592 productis,
1500 2537 1581 2576 tum
1603 2533 1647 2576 in
1676 2532 2017 2591 diphthongorum
2046 2548 2120 2589 ae,
2151 2548 2211 2578 oe
2241 2537 2411 2595 et-sigli
2431 2551 2470 2581 ae
2493 2552 2571 2582 usu

192 2605 412 2662 frequenti,
442 2604 508 2659 qui
533 2603 617 2659 jam
649 2616 759 2643 saec.
788 2601 865 2643 XI.
894 2600 1086 2660 paulatim
1114 2601 1155 2641 in
1185 2615 1208 2642 e
1238 2607 1280 2642 et
1310 2617 1338 2666 ρ
1367 2601 1545 2656 transiit,
1588 2603 1759 2656 (aere,
1789 2614 1960 2651 caena,
1992 2615 2167 2657 aeuum,
2198 2602 2356 2658 durae,
2384 2618 2569 2663 poena,

189 2673 417 2725 moenia,
447 2671 699 2723 foenore,
730 2671 846 2724 cett.)
876 2683 892 2711 1
920 2670 1094 2725 ubique,
1125 2668 1154 2721 ί,
1185 2668 1218 2710 ss'
1245 2669 1312 2711 vel
1339 2669 1354 2710 i
1383 2682 1592 2725 nusquam.
1623 2667 1649 2710 d
1678 2674 1719 2710 et
1749 2667 1776 2710 δ
1803 2669 2058 2727 promiscue,
2088 2669 2163 2713 sed
2193 2669 2221 2713 δ
2247 2671 2516 2728 frequentius.
2547 2689 2570 2717 r

188 2742 439 2800 plerumque,
470 2750 484 2779 2
514 2737 674 2789 rarius,
703 2735 821 2777 modo
852 2737 894 2778 in
923 2736 1005 2777 fine
1035 2749 1189 2778 vocum.
1232 2738 1253 2777 t
1266 2736 1442 2792 longum
1480 2736 1651 2791 ubique,
1691 2749 1711 2778 s
1751 2735 1873 2778 finale
1911 2735 2030 2779 modo
2070 2736 2114 2779 in
2153 2737 2276 2796 siglis
2316 2738 2565 2796 quibusdam.

190 2807 348 2866 Sigla
394 2810 444 2847 et
493 2801 801 2861 compendia
858 2803 1166 2861 scripturae
1213 2817 1342 2861 pauca
1381 2808 1424 2845 et
1469 2802 1654 2859 antiqua:
1684 2804 1723 2845 ἲ
1769 2817 1845 2861 pro
1886 2809 1971 2846 est
2018 2807 2236 2861 (nusquam
2260 2806 2361 2862 —:—)
2398 2810 2437 2849 ‘c’
2474 2822 2570 2853 con

190 2878 404 2931 (nusquam
433 2885 456 2912 ο
485 2871 553 2912 vel
581 2870 644 2926 9).
704 2868 747 2911 G:
775 2884 849 2928 pro
880 2876 931 2912 et
958 2870 1287 2928 frequentissime
1315 2870 1449 2925 initio,
1479 2869 1627 2925 medio,
1657 2870 1737 2914 fine
1766 2884 1923 2914 vocum.
1984 2870 2170 2926 (fficiam,
2199 2870 2443 2930 pd'cerde).
2481 2875 2567 2919 Di-

191 2940 513 2986 stinctionis
545 2938 704 2994 signa
732 2941 776 2978 ut
802 2938 844 2979 in
858 2938 981 2996 Lips.
1013 2940 1070 2992 1.,
1099 2937 1215 2980 modo
1245 2938 1380 2979 rarius
1411 2943 1629 2996 usurpata,
1660 2938 1850 2986 et'colon
1878 2939 1956 2981 hoc
1987 2939 2108 2996 signo
2137 2940 2213 2994 (·7)
2241 2953 2368 3000 saepe
2397 2955 2568 3002 expres.

191 3024 292 3054 sum.
326 3034 377 3042 —
409 3004 823 3063 Orthograpbia
851 3019 1056 3060 vocum,
1092 3005 1219 3063 proba
1247 3005 1479 3067 plerumque
1518 3011 1561 3049 et
1588 3006 1776 3064 antiqua,
1812 3006 1891 3050 hoc
1921 3006 2132 3064 singulare
2161 3007 2307 3062 babet,
2338 3009 2443 3065 quod
2471 3026 2567 3056 mo-

190 3085 305 3121 tare
336 3077 481 3134 ubique
510 3088 586 3134 pro
616 3078 814 3116 mutare
844 3074 1038 3133 scriptum
1067 3074 1295 3133 reperitur,
1334 3078 1377 3117 et
1404 3073 1565 3133 pinna
1605 3088 1681 3135 pro
1709 3088 1892 3135 penna.
1953 3071 2147 3119 Ceterum
2177 3075 2390 3122 scribitur:
2448 3077 2477 3125 J
2487 3095 2566 3140 up.

189 3149 346 3204 piter,
375 3145 680 3195 Maecenas,
710 3141 948 3195 Bachus,
980 3156 1154 3194 sucus,
1183 3144 1336 3195 baca,
1366 3143 1538 3196 belua,
1569 3149 1736 3196 artus,
1767 3148 2046 3198 secuntur,
2076 3147 2398 3202 percontor,
2427 3147 2565 3206 quic-

190 3212 331 3271 quid,
362 3210 658 3269 quicquam,
687 3208 1023 3266 nequiquam,
1054 3224 1284 3264 nanque,
1314 3225 1537 3266 cunque,
1576 3225 1810 3266 unquam,
1840 3225 2129 3265 nunquam,
2151 3212 2296 3265 exul,
2337 3222 2565 3270 coercet,
