2737 3600
1356 168 1427 217 46

1231 236 1548 261 -.--..,..-....

203 304 279 349 sed
307 310 478 362 quatuor
507 302 587 345 alii.
616 301 674 344 nil
703 316 768 359 ap.
788 301 936 356 Pota).
965 304 1039 356 82,
1068 306 1112 346 4.
1133 301 1266 347 Ment.
1297 301 1441 345 udam
1470 302 1532 345 al.
1561 300 1670 344 uda.
1697 303 1800 354 (non
1825 313 1890 357 ap.
1909 297 2046 344 Vand.
2071 297 2209 355 Pott.)
2236 301 2310 354 85,
2346 301 2417 345 80.
2444 301 2575 345 Ment.

201 372 517 426 lividumque
556 369 756 427 plumbum
794 370 897 423 (non
941 383 1007 427 ap.
1035 368 1169 414 Vand.
1199 370 1338 423 Pott.)
1368 369 1504 428 Epod.
1533 373 1576 424 1,
1604 371 1675 414 1⁰.
1703 368 1832 411 Ment.
1862 381 2003 424 quem
2033 366 2204 409 ferre.
2234 365 2368 411 Vand.
2397 367 2449 411 Ε.
2479 384 2577 425 qua

203 439 363 482 ferre.
404 435 539 494 Epod.
578 437 631 489 2,
660 437 731 477 81.
762 434 896 479 Ment.
927 436 1098 492 agris,
1130 436 1181 478 al.
1210 450 1384 479 acres.
1414 436 1518 479 Item
1545 436 1596 480 E.
1627 449 1691 493 ap.
1720 435 1833 479 Pott.
1860 433 1929 477 Ex
1955 434 2047 488 his,
2085 438 2129 476 ut
2156 437 2279 491 puto,
2319 433 2577 492 intelligitur,

203 517 445 547 consensum
473 503 583 544 inter
612 503 822 558 utriusque
852 502 1008 543 codicis
1039 502 1239 543 lectiones
1272 503 1442 544 collatas
1461 517 1558 544 esse
1589 504 1781 559 exigam
1809 503 1898 558 (qui
1926 502 1969 543 in
1997 502 2089 559 ipsa
2103 506 2236 542 tamen
2249 499 2382 544 Vand.
2402 504 2445 542 et
2461 501 2576 544 Pott.

198 570 416 614 collatione
447 568 749 624 desideratur);
777 569 822 611 in
851 583 900 611 eo
930 567 1049 611 modo
1080 569 1355 621 consentiunt,
1386 568 1495 624 quod
1524 574 1692 625 uterque
1723 570 1780 623 (si
1799 568 1956 625 quidem
1977 568 2054 612 duo
2073 569 2186 622 sunt)
2213 568 2310 610 licet
2323 566 2577 610 reverendae

199 638 431 691 vetustatis,
461 637 607 679 multas
636 642 771 678 tamen
799 636 971 678 vitiosas
1001 635 1219 687 lectiones,
1252 639 1295 675 ut
1317 633 1450 677 Vand.
1484 642 1642 688 censet,
1672 636 1849 693 imperiti
1876 636 2034 678 librarii
2062 636 2192 694 culpa,
2222 634 2358 677 offert.

310 784 393 838 42)
421 783 598 830 Mon.
632 783 685 827 1.
746 781 924 826 Codex
942 784 980 824 1.
1012 780 1382 824 bibliothecae
1410 778 1623 837 Regiae
1640 778 1987 825 Monacensis
2009 796 2118 826 saec.
2138 781 2577 826 X11.membranaceus

200 853 243 895 in
271 853 339 894 4to
363 851 471 909 sign.
502 850 579 893 Nr.
609 851 708 893 875.
742 849 876 893 Foliis
917 852 1079 893 constat
1117 850 1203 892 1oe
1232 854 1274 892 et
1311 862 1437 907 opera
1464 847 1630 890 Horatii
1671 847 1807 890 omnia
1847 848 2051 904 continet,
2089 850 2168 893 hoc
2205 851 2367 908 antiquo
2412 849 2576 894 ordine:

202 918 494 963 Carminum
523 918 691 960 libros
720 917 796 962 IV.
826 918 992 960 Artem
1021 922 1162 976 poet.
1191 916 1417 977 Epodon
1445 916 1534 958 lib.
1567 913 1730 957 Carm.
1761 927 1901 957 saec.
1931 914 2303 974 Epistularum
2331 917 2579 961 libroslI.

199 987 503 1030 Sermonum
532 986 706 1028 libros
736 984 792 1027 11.
822 999 902 1042 quo
932 987 1025 1043 ipso
1060 1000 1113 1028 ex
1147 984 1290 1027 ordine
1319 985 1425 1026 hunc
1454 984 1599 1025 librum
1629 997 1683 1024 ex
1714 983 1995 1039 antiquissimo
2019 983 2168 1043 *aliquo
2200 986 2422 1045 exemplari
2445 991 2578 1029 trans-

201 1055 395 1113 scriptum
425 1069 539 1108 esse,
568 1058 684 1096 recte
700 1053 920 1110 colligitur.
979 1052 1151 1096 Glossis
1181 1054 1291 1095 inter
1319 1053 1450 1095 lineas
1482 1057 1523 1094 et
1552 1051 1720 1094 scholiis
1737 1051 1911 1107 antiquis
1929 1051 1973 1092 in
1992 1053 2100 1093 omni
2118 1051 2271 1107 pagina
2286 1053 2337 1095 ad
2356 1055 2580 1110 marginem

202 1128 412 1180 utrumque
441 1120 678 1180 plenissime
708 1121 949 1171 instructus.
1007 1119 1056 1162 In
1085 1120 1216 1179 prima
1243 1119 1397 1178 pagina
1409 1117 1508 1164 Vita
1535 1117 1606 1161 illa
1632 1118 1918 1177 praemittitur,
1949 1118 2064 1176 cujus
2093 1118 2250 1161 initium
2263 1134 2289 1162 t.
2320 1121 2581 1173 efferatius

205 1193 379 1242 Flam,
402 1203 610 1245 praecone
642 1194 772 1244 patre
809 1194 949 1230 natus.
1008 1187 1057 1229 In
1100 1186 1323 1245 appendice
1351 1186 1424 1229 fol.
1457 1188 1543 1229 164
1569 1199 1716 1228 averso
1748 1185 1877 1227 altera
1904 1185 2011 1228 Hor.
2044 1183 2157 1241 Vita,
2187 1185 2385 1230 Suetonio
2415 1190 2595 1245 tributa„

205 1260 373 1317 legitur,
404 1257 478 1301 sed
505 1270 588 1300 non
615 1256 753 1315 plena,
783 1269 900 1312 quam
928 1248 1051 1298 tertia
1078 1255 1149 1298 illa
1176 1253 1275 1300 Vita
1305 1255 1471 1312 excipit,
1503 1255 1618 1311 cujus
1648 1254 1805 1297 initium
1834 1258 1921 1297 est:
1955 1255 2003 1306 Q.
2033 1255 2241 1298 Horatius
2263 1257 2444 1299 flaccus
2459 1259 2580 1301 liber-

206 1329 295 1370 τῶιο
308 1331 435 1383 patre
450 1329 580 1367 natm
603 1327 647 1367 in
664 1325 838 1381 Apulia.
872 1322 1143 1381 Subsequitur
1171 1326 1458 1366 metrorum
1494 1321 1681 1365 Horat.
1714 1320 2039 1378 descriptio,
2079 1321 2219 1365 eadem
2247 1323 2364 1379 fere,
2395 1338 2510 1382 quam
2537 1325 2581 1369 in

203 1395 284 1437 line
314 1393 452 1452 operis
484 1391 690 1449 Cruquius
721 1392 817 1434 olim
847 1404 904 1433 ex
934 1391 1023 1433 cod.
1056 1389 1275 1433 Blandinio
1315 1391 1512 1444 exhibuit,
1542 1394 1584 1431 et
1621 1394 1715 1432 ante
1735 1391 1866 1448 ipsum
1885 1389 2009 1434 Alex.
2037 1388 2290 1434 Minutianus
2310 1392 2354 1435 in
2374 1391 2437 1434 ed.
2466 1391 2580 1436 Med.

207 1464 321 1505 1486
350 1459 612 1504 Carminibus
641 1459 866 1517 praemisit.
895 1458 1101 1501 Nonnulla
1129 1458 1230 1502 solia
1249 1459 1422 1501 confuse
1451 1457 1593 1514 ligata.
1650 1456 1700 1499 In
1730 1456 1862 1500 Serm.
1893 1456 1992 1500 Lib.
2023 1456 2057 1500 I.
2087 1458 2162 1501 fol.
2191 1461 2290 1502 122.
2318 1462 2388 1503 28.
2417 1463 2488 1504 24.
2518 1462 2579 1504 in-

206 1543 333 1573 verso
373 1527 517 1572 ordine
556 1526 757 1570 debebant
796 1540 842 1570 se
873 1526 1092 1585 excipere,
1121 1527 1218 1569 item
1247 1525 1328 1568 tria
1355 1524 1457 1569 folia
1483 1525 1752 1582 insequentia.
1782 1548 1840 1557 —
1867 1523 1948 1568 Hic
1977 1524 2109 1568 codex
2138 1527 2251 1570 corio
2281 1526 2402 1571 badio
2433 1533 2581 1584 tectus,

206 1597 376 1640 scutulis
417 1596 550 1652 quinis
592 1595 733 1637 aeneis
773 1595 816 1637 in
845 1598 1016 1651 utroque
1044 1593 1296 1652 tegumento,
1324 1594 1368 1636 in
1396 1593 1626 1635 membrana
1656 1593 1758 1635 satis
1789 1606 1934 1635 crassa
1963 1598 2004 1635 et
2031 1592 2168 1652 rigida
2195 1595 2513 1639 luculentissime
2541 1602 2584 1639 et

203 1663 467 1707 mundissime
498 1676 652 1704 summa
682 1675 771 1703 cum
802 1676 900 1703 cura
929 1677 977 1704 ac
1007 1662 1221 1720 diligentia
1250 1662 1449 1717 scriptus,
1480 1675 1567 1703 cum
1597 1666 1682 1703 tota
1711 1661 1865 1718 specie,
1896 1666 1977 1703 tum
2004 1662 2165 1704 interna
2192 1665 2445 1720 praestantia
2470 1665 2582 1721 prin-

203 1732 306 1790 cipis
336 1728 583 1772 bibliotheca
610 1741 710 1770 vere
740 1727 905 1786 dignus.
943 1728 1123 1771 Interior
1152 1729 1374 1787 tegumenti
1402 1728 1555 1787 pagina
1582 1727 1705 1770 habet
1731 1727 1914 1785 insignia
1941 1726 2271 1785 regniBavarici
2298 1731 2342 1772 in
2360 1730 2493 1773 tabula
2509 1745 2580 1774 cx-

202 1812 368 1859 pressa,
384 1797 463 1839 hoc
478 1795 594 1839 titulo
612 1796 850 1855 supposito:
870 1798 942 1838 Es
955 1798 1194 1840 Elector-ala·
1205 1798 1451 1839 bibliotheca
1469 1796 1669 1838 Sere-ntea.
1692 1795 1915 1852 Utrimque
1929 1797 2144 1839 Bavariae
2162 1799 2325 1843 ducum.
2358 1797 2579 1843 Columnae

205 1878 398 1909 versuum
436 1877 576 1907 omnes
617 1863 839 1922 simplices.
897 1862 1059 1909 Versus
1088 1864 1221 1907 viceni
1260 1864 1370 1921 quini
1398 1864 1441 1905 in
1473 1863 1647 1922 singulis
1676 1863 1841 1922 paginis
1871 1863 1980 1906 inter
2006 1864 2138 1907 lineas
2170 1865 2265 1908 stilo
2295 1865 2452 1921 ductas,
2482 1883 2578 1926 qua-

207 1948 296 1977 rum
325 1933 515 1989 stigmata
542 1932 586 1973 in
616 1936 799 1973 extrema
826 1931 1016 1974 foliorum
1046 1945 1121 1974 ora
1149 1936 1363 1990 apparent,
1393 1932 1500 1974 binis
1530 1932 1652 1973 lineis
1681 1930 2086 1990 perpendicularibus
2116 1933 2313 1990 utrimque
2342 1935 2578 1979 terminatas

207 2001 373 2059 scripti,
404 1999 546 2056 quibus
576 1998 737 2041 litterae
766 1999 945 2041 initiales
975 1999 1246 2054 includuntur,
1283 1999 1406 2042 minio
1437 2012 1578 2042 omnes
1607 2003 1785 2042 notatae.
1844 1998 1978 2042 Tituli
2005 2000 2153 2042 breves
2172 2000 2216 2043 in
2233 2002 2388 2045 cunctis
2419 2002 2580 2063 eclogis

203 2068 321 2111 inditi
359 2066 500 2109 eadem
530 2080 608 2123 qua
645 2072 783 2109 textus
812 2081 931 2108 manu
959 2067 1083 2109 minio
1111 2066 1346 2124 plerumque
1376 2067 1532 2124 scripti.
1591 2066 1782 2109 Litterae
1813 2067 2046 2124 eclogarum
2074 2068 2252 2111 initiales
2280 2060 2579 2128 praecipueque

203 2136 401 2179 librorum
438 2133 643 2177 curiosius
677 2132 813 2190 pictae
841 2133 1049 2189 variisque
1080 2132 1304 2186 coloribus,
1333 2132 1490 2190 passim
1517 2132 1664 2190 figuris
1694 2148 1850 2190 quoque
1881 2139 2051 2177 ornatae
2082 2140 2188 2177 sunt.
2244 2134 2295 2178 In
2323 2137 2478 2194 primae
2506 2150 2578 2196 pa÷

204 2204 328 2262 ginae
368 2200 556 2258 margine
592 2199 795 2242 inferiore
837 2199 1016 2241 feminae
1045 2199 1263 2258 Aethiopis
1292 2199 1423 2241 facies
1451 2200 1561 2258 picta
1589 2201 1782 2243 cernitur.
1842 2200 2012 2244 Scholia
2040 2200 2092 2244 ad
2119 2203 2344 2260 marginem
2372 2209 2581 2262 utrumque

204 2271 327 2313 minio
367 2268 603 2328 plerumque
642 2266 814 2309 inclusa.
872 2266 1154 2309 Atramentum
1192 2267 1332 2324 sepiae
1372 2271 1460 2321 est,
1500 2280 1555 2309 ex
1581 2268 1703 2325 nigro
1732 2267 1903 2311 fuscum.
1935 2274 1992 2300 -’-
2034 2268 2249 2327 Scriptura
2275 2270 2395 2328 hujus
2426 2271 2580 2316 codicis

205 2339 351 2398 plana,
389 2342 581 2379 accurata
622 2339 743 2392 atque
779 2333 1030 2391 aequabilis,
1061 2348 1150 2377 cum
1179 2338 1265 2376 tota
1291 2332 1443 2389 indole,
1474 2338 1555 2378 tum
1585 2335 1760 2393 singulis
1789 2334 1953 2378 indiciis
1984 2336 2192 2379 saeculi
2219 2336 2316 2380 XII.
2344 2339 2580 2397 priorem

206 2413 405 2465 partem
442 2402 578 2463 prodit
614 2408 657 2445 et
685 2416 774 2445 cum
802 2401 926 2461 Lips.
957 2403 1012 2457 8,
1052 2415 1089 2443 a.
1129 2400 1292 2443 multum
1322 2402 1523 2444 convenit.
1579 2401 1768 2445 Litterae
1796 2407 1936 2446 rectae
1966 2408 2008 2445 et
2037 2403 2308 2463 simpliciores
2338 2407 2580 2466 angulosum

208 2474 407 2517 Gothicae
436 2472 595 2514 formae
626 2470 785 2513 ductum
812 2469 990 2513 nondum
1018 2484 1120 2528 prae
1150 2484 1196 2511 se
1224 2469 1382 2522 ferunt3
1411 2469 1591 2512 initiales
1608 2471 1711 2513 scite
1741 2486 1866 2530 saepe
1895 2472 2090 2514 variatae.
2135 2472 2325 2516 Litterae
2354 2489 2390 2517 r.
2421 2476 2451 2518 s.
2481 2490 2580 2534 pau·

206 2541 328 2585 lulum
358 2540 480 2584 etiam
508 2538 620 2582 infra
639 2537 788 2582 lineam
817 2536 1088 2592 descendunt,
1120 2536 1273 2580 saeculi
1300 2535 1377 2580 XI.
1407 2551 1497 2580 usu
1530 2536 1557 2580 d
1586 2542 1628 2580 et
1655 2552 1679 2581 r
1704 2543 1749 2581 et
1776 2553 1803 2582 u
1831 2530 2000 2597 ubique,
2028 2554 2225 2598 nusquam
2254 2539 2282 2583 δ
2309 2541 2375 2585 vel
2403 2556 2417 2586 ι
2445 2544 2512 2587 vel
2541 2559 2580 2588 v.

208 2611 229 2652 s
253 2609 417 2664 longum
445 2607 608 2664 ubique,
638 2607 759 2648 etiam
786 2606 831 2648 in
859 2606 941 2648 fine
970 2617 1132 2659 vocum,
1161 2613 1184 2647 s
1214 2603 1338 2647 finale
1363 2606 1499 2647 rarius
1530 2610 1572 2647 et
1599 2605 1799 2664 paululum
1828 2606 1973 2650 elatum
2001 2607 2198 2667 (rege·)
2227 2622 2258 2666 y
2284 2614 2433 2669 puncto
2462 2616 2581 2655 nota-

210 2684 307 2729 tum,
340 2681 385 2716 nt
411 2675 590 2730 inLips.
619 2676 661 2721 8,
694 2688 731 2715 a.
761 2688 777 2715 1
805 2675 968 2730 ubique,
997 2673 1030 2726 ί,
1061 2672 1109 2726 fl,
1139 2673 1155 2713 i
1183 2686 1389 2728 nusquam.
1420 2686 1443 2713 e
1472 2672 1538 2713 vel
1567 2688 1596 2736 q
1623 2687 1699 2731 pro
1731 2685 1780 2715 ae
1810 2680 1852 2715 et
1880 2687 1931 2716 oe
1959 2675 2085 2732 dipht.
2103 2677 2195 2718 fere
2210 2688 2373 2735 semper
2401 2679 2463 2732 (in
2479 2678 2580 2721 Odis

210 2739 929 2806 tamenMaecenasplerumque).
988 2705 1146 2799 Sigla
1166 2743 1215 2783 et
1236 2737 1540 2800 compendia
1571 2740 1881 2801 scripturae
1909 2741 2131 2786 nonmulta
2160 2747 2204 2787 et
2230 2743 2440 2803 simplicia.
2470 2759 2579 2804 epro

207 2818 290 2853 est
318 2815 424 2862 (non
450 2811 539 2859 -÷)
579 2822 614 2848 s.
644 2813 776 2849 sunt.
809 2808 852 2861 7,
883 2808 925 2849 ὦ
954 2822 1031 2866 pro
1063 2811 1129 2860 et,
1158 2808 1299 2860 initio,
1328 2807 1486 2862 medio,
1524 2808 1606 2850 fine
1634 2822 1801 2863 vocum,
1842 2809 1918 2851 sed
1953 2810 2089 2851 rarius
2129 2809 2302 2865 (titiam,
2340 2809 2509 2869 puddc>3
2548 2813 2580 2865 s3

206 2927 280 2969 pro
337 2911 441 2954 sed.
492 2911 541 2959 b3
602 2910 659 2951 ba
703 2923 778 2966 pro
835 2911 943 2952 bus.
993 2914 1024 2952 9
1072 2922 1147 2965 pro
1198 2923 1277 2952 con
1325 2910 1526 2967 singulari
1572 2911 1729 2965 forma,
1784 2911 2033 2968 frequenter.
2079 2876 2497 2970 n¹1‚0c¹‚1¹1,q¹,}‚g⁰‚
2526 2885 2579 2956 ιῗι.

206 2995 281 3040 pro
312 2977 453 3033 mihi,
484 2975 600 3032 tibi,
630 2975 760 3031 nisi,
791 2977 898 3034 qui,
927 2977 1117 3036 igitur,
1147 2991 1291 3035 ergo,
1320 2976 1482 3033 modo,
1512 2982 1556 3021 ut
1584 2976 1871 3022 inaliiscodd.
1899 3002 1958 3011 —
1992 2978 2392 3023 Distinctionis
2422 2980 2579 3038 signa

209 3052 323 3090 sunt:
354 3050 542 3105 punctum
570 3043 917 3102 frequentissime,
948 3045 1070 3088 etiam
1092 3056 1168 3103 pro
1183 3044 1338 3088 minore
1368 3043 1652 3099 distinctione3
1682 3045 1803 3089 colon
1832 3045 1901 3101 (ι)
1932 3051 1974 3088 et
1997 3045 2221 3090 semicolon
2250 3047 2332 3102 (ς)
2360 3046 2578 3107 frequens:

207 3114 362 3174 passim
400 3112 479 3155 hoc
519 3113 682 3171 signum
712 3115 812 3167 (f)
840 3127 918 3172 pro
959 3117 1179 3163 commate3
1214 3112 1496 3172 interrogandi
1540 3114 1702 3172 signum
1730 3114 1811 3157 hoc
1842 3114 1950 3168 (ἓ).
1982 3139 2035 3145 -
2067 3113 2468 3174 Orthographia
2495 3131 2578 3161 vo-

208 3196 316 3226 cum
346 3181 545 3237 antiquam
580 3180 815 3240 plerumque
851 3181 1054 3224 rationem
1095 3179 1296 3236 sequitur:
1335 3179 1602 3240 Juppiter,
1640 3181 1803 3236 milia,
1835 3195 2009 3236 sucus,
2041 3181 2205 3236 belua,
2234 3182 2449 3240 bachus,
2478 3190 2578 3241 tus,
