2737 3600
1316 148 1386 198 48

278 288 354 340 41)
382 284 582 332 Melit.
638 282 939 326 Lectiones
969 278 1174 322 codicis
1202 278 1527 323 Menteliani
1554 279 2001 338 Lipsienses..Sic
2029 279 2253 338 designare
2283 280 2404 323 nobis
2419 279 2542 323 liceat

170 368 223 397 ex
251 353 343 413 ipso
370 352 463 396 loco
491 350 690 394 lectiones
721 349 796 391 sub
826 345 943 389 titulo
983 345 1189 390 codicis
1228 345 1555 391 Menteliani
1585 361 1609 390 a
1639 346 1738 390 Chr.
1767 347 1876 394 Dav.
1906 342 2028 390 Janio'
2058 349 2102 390 in
2133 347 2198 390 ed.
2231 346 2482 402 Carminum,
2513 362 2539 390 a

167 421 286 464 nobis
314 421 359 463 in
385 419 463 468 Ed.
494 418 747 469 Satirarum,
786 415 836 456 ab
866 413 1047 456 Obbario
1076 415 1120 456 in
1148 414 1227 457 Ed.
1257 414 1532 472 Epistularum
1571 431 1694 474 saepe
1731 415 1932 459 laudatas.
1989 414 2077 457 Res
2115 416 2176 457 sic
2215 430 2263 458 se
2301 416 2439 458 habet.
2489 415 2540 459 In

167 489 411 531 bibliotheca
446 483 677 528 academica
703 481 923 538 Lipsiensi
961 481 1035 523 sub
1074 482 1188 526 titulo
1218 485 1378 526 Poe'tae
1403 484 1503 528 Lat.
1532 485 1629 528 510.
1661 488 1850 527 servatur
1879 481 2118 540 exemplum·
2135 482 2327 527 editionis
2353 483 2539 543 Despre-

168 556 312 599 zianae
347 548 596 602 (Amstelod.
638 548 762 591 1605.
801 547 863 603 8.)
903 547 946 591 in
979 562 1056 606 quo
1093 550 1301 594 recentior
1337 564 1478 595 manus
1515 551 1706 595 lectionis
1744 552 1984 594 varietatem
2024 563 2079 592 ex
2116 550 2256 592 codice
2284 550 2539 595 Menteliane

167 622 260 664 olim
304 635 330 663 a
372 614 693 673 marquardo
742 614 908 657 Gudio
956 622 1187 676 excerptam
1234 620 1348 673 (nato
1378 633 1416 662 a.
1456 621 1582 662 1635.
1618 625 1779 661 mortuo
1829 633 1866 660 a.
1906 620 2057 671 1689.)
2097 623 2140 660 et
2177 618 2222 660 in
2264 617 2342 660 Ed.
2382 617 2540 661 Mureti

322 786 370 821 tis
403 790 537 820 secum
573 790 625 819 est
653 789 693 819 ut
716 786 822 821 etiam
857 786 932 833 ipse
962 787 1001 821 in
1031 788 1182 834 epistolis
1214 774 1454 824 commemorat
1493 800 1568 823 cum
1600 788 1742 834 virgilio
1783 788 1822 822 in
1861 787 2018 833 apuliam
2049 798 2087 822 se
2123 788 2329 832 profectum.
2393 787 2542 834 Scripsit

322 841 446 876 libr-:am
467 851 670 875 sementem.
693 841 737 876 de
762 845 839 876 arte
857 843 1007 888 poetica.
1029 844 1133 878 libros
1158 848 1274 879 autem
1292 844 1411 890 plures
1433 845 1621 879 carminum
1642 845 1814 878 liricorum
1837 849 1873 878 et
1892 844 2018 889 epodos
2040 843 2263 878 inaectavw‘

411 897 512 933 Hanc
533 898 636 932 vitam
650 907 778 941 earum,
802 909 892 942 quae
904 899 1014 935 adhuc
1029 901 1191 945 cognitae
1206 904 1297 943 sunt,
1320 900 1557 946 septimam
1580 909 1810 934 numeramus.
1854 898 2060 941 Primam,
2077 908 2168 942 quae
2177 899 2346 935 Suetonio
2363 901 2537 944 tribuitur,

321 955 404 988 satis
436 959 572 991 notamx
611 954 701 996 „Qun
724 954 895 990 Horatius
922 956 1068 991 flaccus
1101 957 1331 992 Venusinus.“
1363 966 1467 1000 quam
1490 966 1535 991 ex
1557 955 1682 992 codice
1712 953 1942 989 bibliothecae
1965 954 2006 991 S.
2028 955 2129 989 Petri
2151 955 2186 990 in
2209 960 2329 990 monte
2352 956 2536 993 Blandinio

323 1009 480 1046 Gandavi
497 1009 594 1045 Petr.
617 1009 769 1045 Nunnius
787 1011 979 1048 Miscellau.
1002 1013 1046 1047 L.
1069 1013 1134 1048 111.
1157 1024 1188 1048 c.
1210 1016 1245 1050 2.
1269 1012 1420 1057 vulgavit
1442 1011 1553 1057 (apud
1577 1011 1764 1045 Gruterum
1786 1010 1821 1044 in
1844 1007 2027 1053 Lampade
2048 1020 2079 1044 s.
2098 1009 2281 1046 Thesauro
2304 1012 2423 1047 critico
2439 1012 2485 1048 T.
2509 1013 2539 1047 L

323 1076 357 1110 p.
377 1067 476 1099 1261.
494 1064 566 1108 sq.)
588 1070 668 1109 post
689 1066 947 1102 Muretusex
965 1068 1088 1113 eodem
1104 1069 1237 1110 codice,
1260 1073 1299 1102 ut
1321 1068 1467 1110 videtur,
1492 1079 1513 1102 a
1529 1067 1698 1103 Bernard.
1714 1065 1922 1099 Lauredano
1947 1070 2126 1109 acceptam
2140 1066 2279 1100 editioni
2302 1077 2387 1101 suae
2402 1080 2434 1101 a.
2451 1071 2540 1102 1⁵55

323 1121 383 1164 (et
409 1121 520 1165 1559)
555 1123 772 1166 praeposuit,
815 1123 892 1157 dein
923 1124 1147 1166 Cruquius
1177 1124 1212 1158 in
1243 1124 1312 1157 fine
1342 1122 1502 1157 editionis
1540 1132 1624 1157 suae
1654 1121 1812 1166 repetiit,
1851 1120 1944 1155 unde
1973 1121 2009 1155 iu
2040 1120 2146 1155 libros
2178 1125 2259 1165 post
2290 1121 2403 1156 editos
2435 1124 2540 1158 venit.

323 1176 423 1211 Hanc
446 1177 548 1210 vitam
571 1186 634 1211 nos
655 1177 689 1211 in
713 1177 868 1212 codice
889 1178 1154 1213 Monacensi
1185 1182 1216 1213 1.
1240 1178 1377 1213 Horatii
1400 1179 1536 1223 scriptis
1559 1177 1750 1221 subjectam
1778 1176 1979 1220 reperimus,
2002 1175 2065 1209 sed
2088 1186 2167 1209 eam
2192 1186 2264 1210 non
2280 1176 2429 1220 plenam,
2455 1178 2540 1212 defi-

323 1232 436 1267 ciente
465 1232 580 1266 media
609 1232 682 1266 fere
713 1237 822 1276 parte.
854 1252 900 1259 —
924 1235 1153 1277 Alteram,
1177 1234 1278 1277 cuius
1308 1234 1440 1269 initium
1470 1238 1545 1268 est:
1587 1234 1678 1277 „Qu
1702 1232 1872 1267 Horatius
1893 1232 2040 1267 Ram
2060 1232 2224 1267 libertino
2243 1238 2350 1278 patre
2375 1239 2481 1269 natus
2504 1235 2543 1268 in

321 1288 489 1333 Apulia,“
521 1289 645 1322 Alex.
675 1288 954 1323 Minutianus
982 1290 1016 1324 in
1038 1289 1105 1323 Ed.
1130 1290 1273 1326 Mediol.
1297 1292 1395 1324 1486.
1428 1294 1467 1324 ut
1489 1291 1635 1324 Act-onis
1667 1289 1914 1324 commentario
1949 1288 2179 1332 praepositam
2213 1298 2259 1322 ex
2281 1289 2404 1324 codice
2426 1295 2541 1325 mseto

322 1344 477 1387 vulgavit
499 1343 693 1387 („Acronis
718 1344 1001 1379 eornm-»tatoris
1023 1345 1160 1392 egregii
1180 1345 1219 1379 in
1243 1345 1363 1388 Quinti
1385 1345 1527 1379 Horatii
1542 1345 1662 1380 Flacci
1688 1345 1852 1380 Venmini
1880 1355 1985 1389 opera
2014 1343 2181 1389 expositio
2202 1344 2344 1390 incipit.-
2366 1344 2541 1380 Horatius

322 1397 467 1433 Πᾶσαι·
491 1398 650 1433 libertino
675 1403 780 1443 patre
801 1404 920 1443 mus,
944 1403 1042 1444 cett.)
1067 1406 1147 1445 post
1186 1400 1313 1435 Micb.
1344 1400 1565 1435 Bentinus
1589 1411 1610 1434 e
1640 1401 1761 1436 codice
1792 1401 1836 1434 ab
1866 1400 1933 1435 Jo.
1968 1398 2195 1435 Sichardo
2233 1404 2381 1443 accepto
2411 1401 2446 1434 in
2467 1401 2538 1436 Ed.

323 1453 429 1489 Basil.
455 1456 557 1488 1527.
588 1454 624 1487 ἱιι
657 1458 811 1488 extrema
842 1460 940 1500 parte
969 1455 1143 1501 paululum
1173 1455 1219 1490 ab
1250 1454 1308 1489 illa
1330 1455 1500 1489 diversam
1524 1455 1643 1497 edidit,
1666 1455 1759 1489 unde
1790 1459 1827 1489 et
1849 1455 1924 1489 Ge.
1948 1455 2193 1489 Fabricius
2225 1455 2280 1490 ed.
2305 1456 2412 1490 Basil.
2439 1460 2539 1492 1⁵56.

321 1510 355 1545 in
376 1511 444 1545 fine
472 1509 693 1554 praefationis
725 1520 800 1545 eam
823 1512 978 1555 repetivit
1001 1516 1037 1547 et
1069 1511 1237 1547 Tbeod.
1271 1511 1582 1546 Poelmannus
1614 1511 1648 1544 in
1679 1509 1745 1544 Ed.
1770 1512 1936 1556 Antverp.
1960 1513 2063 1545 1557.
2094 1523 2128 1556 p.
2152 1514 2185 1545 5.
2209 1511 2323 1546 denuo
2353 1513 2538 1557 expressit,

323 1567 405 1602 iicet
426 1577 494 1610 „es
516 1571 647 1601 vetum
671 1567 821 1612 quom
844 1568 1032 1614 exemplari
1056 1568 1290 1613 descriptam“
1320 1567 1434 1602 dicatt
1472 1576 1552 1601 nam
1574 1576 1652 1600 cum
1674 1567 1782 1600 Basil.
1807 1569 1897 1600 1527
1920 1576 1964 1600 ex
1986 1568 2079 1601 omni
2103 1571 2201 1611 parte
2223 1567 2267 1601 ad
2290 1569 2428 1604 verbum
2451 1580 2539 1605 con-

322 1624 425 1657 venit.
471 1622 631 1656 Eandem
653 1623 780 1656 Henr.
806 1624 1074 1666 Stephanus,
1098 1626 1214 1667 paucis
1237 1623 1390 1664 mutatis,
1415 1623 1555 1656 editioni
1577 1633 1663 1655 snae
1679 1617 1848 1664 subjecit3
1871 1621 2103 1656 deindeJac.
2129 1623 2353 1665 Cruquius
2376 1635 2397 1659 e
2415 1625 2538 1661 codice

325 1677 505 1714 Blandinio
527 1677 757 1713 vetustissimo
789 1688 866 1712 eam
897 1678 1010 1713 denuo
1042 1677 1097 1712 edi
1121 1676 1261 1719 curavit,
1286 1675 1378 1711 uude
1400 1677 1435 1711 in
1459 1677 1669 1711 recentiores
1693 1676 1812 1719 libros,
1835 1676 1994 1718 Gesneri,
2016 1677 2119 1719 Janii,
2143 1676 2413 1722 Mitscherlicbii,
2437 1680 2536 1717 Feae

322 1735 364 1777 (e
386 1734 463 1768 cod.
488 1734 567 1768 Vat.
588 1734 680 1776 Reg.
705 1734 752 1767 H.
776 1734 885 1777 praef.
910 1745 943 1778 p.
968 1733 1132 1776 mv.)
1156 1733 1200 1766 al.
1233 1732 1379 1767 transiit.
1425 1732 1587 1766 Eandem
1617 1742 1683 1765 nos
1712 1732 1746 1765 in
1779 1731 1932 1775 pluribus
1965 1732 2142 1766 codicibus
2164 1735 2283 1767 mactis
2306 1735 2362 1768 vel
2384 1747 2536 1781 praepo-

323 1791 425 1825 sitam
448 1789 609 1834 operibus
631 1782 756 1824 Horat.
780 1788 835 1823 vel
857 1788 1087 1834 postpositam
1110 1787 1310 1829 invenimus,
1348 1787 1508 1822 lectionis
1531 1787 1711 1828 varietate,
1736 1791 1977 1831 praeterquam
2000 1788 2033 1822 in
2056 1788 2135 1830 fine,
2158 1798 2228 1824 non
2251 1790 2395 1824 multum
2417 1802 2439 1825 a
2462 1793 2537 1826 vnl-

324 1849 410 1889 gato
433 1849 532 1879 textu
555 1845 782 1879 aberrantem.
813 1844 854 1887 a)
877 1845 912 1878 in
945 1844 1107 1878 codice
1127 1843 1348 1877 Bernensi
1371 1853 1416 1884 a.‚
1440 1842 1590 1876 omnium
1614 1842 1861 1884 antiquissimo.
1895 1843 1933 1884 b)
1955 1842 1992 1877 in
2015 1842 2320 1888 codiceLips.
2343 1848 2379 1888 ³,
2402 1858 2434 1881 a.
2458 1854 2539 1883 ante

323 1900 413 1936 Hor.
430 1910 547 1945 opera.
579 1901 615 1944 c)
637 1900 672 1934 in
694 1898 856 1935 codice
878 1898 1048 1934 Monac.
1073 1901 1106 1933 1.
1139 1903 1294 1934 extrem
1324 1897 1382 1933 fol.
1408 1900 1484 1933 165.
1517 1897 1563 1941 d)
1585 1898 1620 1931 in
1644 1898 1805 1932 codice
1827 1897 1996 1932 Monac.
2019 1900 2052 1931 5.
2088 1898 2121 1931 in
2144 1898 2255 1942 prima
2275 1901 2415 1945 pagina.
2440 1904 2482 1948 e)
2504 1906 2538 1938 in

324 1956 483 1993 codice
514 1961 624 1992 msto
648 1954 795 2001 Guelph.
827 1960 909 1991 ante
931 1955 1122 1990 Acronis
1155 1953 1526 1991 commentarium
1559 1953 1670 1997 primo
1693 1953 1773 1989 loco
1796 1953 1954 1998 positam.
2005 1952 2155 1988 Ultimae
2176 1953 2278 1999 hujus
2301 1956 2404 1993 Vitae
2425 1961 2536 2003 partis

323 2014 527 2055 varietates,
551 2017 590 2047 ut
619 2012 759 2056 cognitu
789 2011 873 2046 satis
904 2011 1046 2055 dignas,
1076 2012 1284 2047 notabimus.
1329 2012 1383 2046 Ac
1413 2010 1555 2054 primum
1585 2008 1677 2053 apud
1701 2010 1804 2053 Cruq.
1838 2019 1882 2044 ex
1917 2007 1993 2044 cod.
2018 2008 2142 2045 Bland.
2167 2013 2198 2044 1.
2222 2010 2367 2055 legitur:
2389 2014 2538 2061 Scripsit

324 2075 440 2106 utitem
457 2070 654 2104 Carniinmn
668 2069 770 2104 libros
794 2068 858 2103 IV.
880 2067 1028 2113 Epodon
1051 2067 1078 2102 I.
1099 2068 1246 2103 Carmen
1267 2067 1455 2109 saeculare,
1477 2066 1676 2101 Sermonum
1693 2065 1796 2100 libros
1809 2065 1859 2109 11,
1868 2065 2105 2111 Epistulam
2123 2066 2170 2100 II.
2189 2067 2234 2102 de
2250 2068 2338 2104 Arte
2353 2072 2492 2115 poetica
2504 2073 2533 2108 Ι.

324 2127 485 2171 singniari
506 2125 636 2168 ordine,
661 2137 682 2159 a
697 2126 841 2160 vetustis
858 2124 1034 2159 codicibus
1051 2125 1182 2168 alieno,
1205 2124 1270 2159 sed
1292 2124 1337 2159 ab
1354 2124 1388 2158 H
1400 2133 1488 2161 eur.
1508 2122 1743 2167 Stephano
1762 2122 1907 2167 primum
1923 2122 1957 2156 in
1971 2120 2037 2156 Ed.
2054 2132 2150 2157 suam
2171 2129 2325 2168 recepto.
2359 2126 2399 2160 In
2411 2129 2534 2164 codice

323 2183 450 2218 Beru.
475 2193 507 2217 a.
531 2183 673 2225 antiquo
699 2183 819 2217 ordine
849 2186 987 2216 servato
1019 2182 1166 2225 legitur-x
1209 2181 1355 2227 Scripsit
1377 2186 1493 2215 atatem
1518 2180 1716 2214 omnnem
1739 2179 1840 2213 libros
1863 2178 1926 2212 W.
1952 2178 2099 2213 Carmen
2121 2180 2285 2216 seculare.
2308 2181 2467 2226 Epodon,
2491 2186 2535 2221 ας

321 2244 401 2275 arte
417 2238 557 2286 poetica
588 2238 710 2273 librum
732 2237 761 2272 1.
783 2237 1020 2283 Epi-talam
1042 2237 1098 2272 lib.
1123 2236 1173 2274 ΙΙ.
1204 2236 1406 2272 Sermonum
1433 2236 1481 2271 lib
1502 2235 1550 2271 11.
1603 2235 1653 2270 Et
1673 2235 1725 2269 sic
1749 2235 1823 2269 sere
1852 2235 1929 2269 cod.
1953 2233 2110 2269 Sicbardi
2131 2236 2164 2269 in
2186 2235 2267 2269 Bas.
2300 2237 2398 2272 1527.
2424 2242 2534 2274 nostri

327 2296 465 2331 codices
489 2295 609 2340 Lips.
624 2299 659 2337 3,
694 2305 726 2329 a.
752 2295 919 2329 Monac.
946 2297 979 2329 1.
1003 2298 1040 2328 et
1061 2297 1096 2329 5.
1112 2296 1226 2329 Acron
1249 2299 1379 2328 msctns
1396 2303 1473 2327 cnm
1489 2291 1555 2327 Ed.
1570 2291 1713 2326 Mediol.
1732 2292 1833 2325 1486.
1856 2291 1906 2326 sic
1928 2291 2066 2334 leguntx
2087 2291 2235 2337 Scripsit
2255 2298 2373 2333 antem
2397 2296 2535 2331 cami.

322 2363 405 2386 σιω
427 2352 529 2385 libros
551 2355 726 2395 quattuor.
749 2350 907 2396 Epodon.
933 2349 1079 2384 Car-rnen
1110 2350 1300 2385 saeculare.
1324 2349 1368 2384 de
1390 2353 1469 2384 arte
1485 2347 1625 2394 poetica
1646 2348 1767 2382 librum
1788 2358 1902 2381 unm
1926 2346 2125 2381 Sermonum
2145 2348 2250 2383 libros
2272 2349 2368 2385 duos.
2390 2351 2537 2397 Episto-

322 2407 437 2441 larmn
457 2407 561 2442 libros
582 2396 677 2442 duos.
723 2405 792 2441 Ed.
820 2405 962 2442 Mediol.
987 2408 1085 2440 1486.
1112 2406 1163 2439 sic
1199 2405 1332 2451 pergin
1373 2403 1601 2439 &meritati
1630 2403 1667 2437 in
1695 2403 1791 2437 ἰῑὶωη
1811 2407 1892 2437 sunt
1912 2401 2133 2447 Porphyrion.
2157 2403 2346 2439 Μαῖα-ιω.
2369 2406 2531 2442 Helenus.

323 2461 464 2504 Cruquii
484 2463 614 2496 codex:
640 2462 868 2497 ementati
888 2466 969 2496 sunt
991 2462 1030 2496 in
1051 2461 1150 2496 illum
1172 2461 1394 2507 Porphyrion.
1411 2461 1598 2496 Modestus.
1622 2459 1787 2495 Helenen
1807 2459 1921 2492 Acron
1953 2458 2101 2493 mium
2131 2464 2248 2494 mae-s
2270 2462 2532 2506 optineAcr-oa.

323 2515 397 2550 Sed
425 2516 636 2550 Sicbardi
660 2517 773 2552 codex
797 2518 832 2551 in
855 2517 937 2551 Bas.
970 2520 1069 2551 1527.
1091 2518 1187 2551 solus
1209 2517 1294 2560 legit
1317 2521 1354 2551 et
1372 2527 1450 2552 cum
1472 2527 1517 2551 eo
1532 2516 1775 2556 Poelmannus,
1799 2514 1977 2548 Fabricius
1995 2518 2032 2548 et
2056 2514 2165 2549 Henr.
2183 2516 2405 2566 Stephanum
2434 2521 2534 2554 0012-

321 2572 469 2606 mentati
489 2576 569 2606 sunt
590 2571 687 2606 illmn
708 2571 930 2617 Porphyrion.
956 2572 1143 2609 Modestus.
1170 2572 1204 2609 J.
1231 2573 1404 2611 Gelenius.
1427 2573 1553 2609 Acron.
1569 2572 1715 2607 omnium
1736 2570 1859 2617 optime
1882 2569 1919 2603 G.
1944 2569 2120 2605 Aemilius.
2168 2570 2259 2606 Hinc
2281 2583 2327 2607 ex
2349 2573 2415 2609 bac
2438 2577 2534 2610 unius

321 2628 450 2663 codicis
479 2628 628 2662 lectione
657 2628 873 2672 interpretes,
896 2629 1060 2664 Fabricio
1092 2629 1236 2666 Cbemn.
1267 2630 1356 2665 duce
1385 2631 1422 2665 in
1453 2629 1603 2675 praefat.
1639 2628 1681 2663 ed
1703 2627 1809 2661 Basil.
1833 2629 1946 2668 1555„
1967 2636 2093 2661 novum
2115 2627 2180 2662 sibi
2202 2629 2377 2665 tinxerunt
2399 2632 2535 2668 Horatii

320 2683 527 2718 scholiasten
551 2692 718 2725 nusquam
741 2683 821 2717 alibi
843 2689 1082 2727 memoratum,
1106 2686 1153 2723 C.
1170 2686 1421 2728 Aemilium,
1444 2695 1604 2729 eumque,
1627 2684 1705 2718 licet
1720 2683 1845 2716 nullum
1862 2681 1937 2726 ejus
1954 2682 2136 2727 vestigium
2152 2683 2187 2718 in
2203 2687 2455 2721 commentariis
2472 2700 2532 2723 ve-

323 2745 434 2775 terum
464 2743 649 2783 appareat,
672 2738 728 2773 vel
751 2739 967 2783 optimum
990 2734 1183 2774 omnium
1208 2739 1460 2784 praedicarunt.
1506 2739 1584 2775 Nec
1606 2740 1714 2775 solum
1727 2738 1806 2773 Jani
1821 2738 1856 2772 in
1871 2738 1996 2783 praet,
2020 2738 2266 2783 Mitseberlicb,
2290 2743 2334 2776 al.
2358 2744 2420 2777 sed
2443 2744 2532 2779 adeo

323 2797 378 2832 W.
399 2796 446 2830 H.
470 2795 512 2828 D.
536 2794 767 2838 Suringar,
791 2794 936 2838 diligens
959 2796 1172 2838 antiquitatis
1201 2796 1450 2840 investigator,
1481 2799 1519 2833 in
1540 2797 1647 2833 libro:
1676 2794 1835 2830 Historia
1859 2795 1983 2830 critica
2019 2795 2292 2831 Scantianum
2313 2797 2530 2844 Latinorum,

321 2850 536 2898 imponi-sibi
558 2860 681 2897 passus
704 2855 758 2886 est
779 2849 846 2885 boc
868 2850 1020 2894 nomine,-
1043 2850 1089 2886 de
1110 2861 1180 2895 quo
1202 2850 1248 2887 Τ.
1272 2851 1336 2887 111.
1361 2861 1395 2886 c.
1418 2854 1455 2886 3.
1479 2863 1513 2896 p.
1536 2855 1595 2888 86.
1642 2853 1719 2887 leno
1743 2851 1868 2896 capite,
1892 2861 1962 2887 non
1986 2853 2061 2887 sine
2084 2854 2195 2897 aliqua
2217 2854 2429 2890 dubitatione
2446 2858 2528 2900 egit.

323 2909 396 2944 Sed
419 2912 573 2943 nostrum
595 2917 673 2942 esse
697 2911 868 2952 putamus,
891 2911 1004 2942 totum
1025 2906 1093 2942 hoc
1114 2908 1160 2942 de
1184 2908 1225 2942 C.
1248 2909 1395 2943 Aemilio
1417 2909 1561 2952 antiquo
1583 2920 1622 2943 sc
1644 2909 1764 2943 oliaste
1786 2913 2031 2951 commentum,
2054 2914 2095 2942 ut
2116 2920 2161 2943 ex
2183 2920 2287 2953 prava
2309 2911 2409 2945 nnius
2433 2913 2532 2947 codi-

324 2966 373 3001 cis
395 2966 543 3000 lectione
565 2968 689 3007 ortum,
711 2967 897 2999 msctorum
919 2967 1073 2998 veterum
1097 2964 1305 2999 auctoritate
1327 2963 1531 2999 convincere
1552 2975 1596 3001 ac
1618 2963 1836 3007 redarguere.
1883 2963 1975 3000 Nam
1997 2966 2032 3000 in
2055 2964 2173 3000 codice
2195 2966 2348 3000 omnium
2363 2968 2529 3012 antiquis-

321 3023 424 3065 simo,
454 3021 584 3057 Beru.
608 3032 641 3056 a.
679 3020 820 3066 legitur:
854 3020 1082 3055 Commota·
1111 3024 1193 3055 sunt
1222 3020 1261 3055 in
1291 3020 1388 3055 aban
1417 3019 1629 3068 Porphyrion
1656 3020 1832 3055 Modestus
1861 3025 1896 3056 et
1916 3021 2069 3056 Helenus
2087 3021 2202 3055 Acron
2224 3022 2377 3057 omuibus
2401 3026 2530 3061 melius.

323 3084 361 3114 et
381 3079 417 3114 in
440 3080 615 3115 Acrone
636 3082 774 3114 mscto
798 3076 982 3123 Guelpb.
1006 3077 1183 3113 Modestus
1206 3076 1358 3113 Helenus
1381 3082 1417 3113 et
1438 3077 1556 3114 Acron
1573 3077 1722 3114 omnibus
1742 3077 1873 3112 melius.
1896 3076 1988 3112 unde
2011 3076 2137 3112 librarii
2157 3082 2301 3123 stupore
2323 3080 2357 3116 in
2375 3081 2534 3120 Sichardi

323 3134 445 3171 codice
468 3145 513 3170 ex
534 3134 702 3180 copulatis
723 3133 942 3169 lectionibus:
966 3134 1113 3168 οπιπίιιω
1133 3134 1258 3180 optime
1281 3135 1397 3168 Acron
1422 3139 1477 3170 et.-
1504 3137 1617 3171 Acron
1640 3135 1789 3169 ombus
1810 3134 1943 3168 melius.
1965 3134 2067 3169 facile
2089 3134 2170 3170 oriri
2192 3137 2306 3180 potnit
2327 3139 2384 3173 illa
2408 3140 2532 3176 lectio:

324 3191 619 3237 onninnnoptime
644 3192 683 3229 C.
712 3191 885 3227 Aemilius.
940 3190 999 3225 Sic
1032 3191 1134 3226 etiam
1164 3190 1303 3227 codices
1324 3191 1435 3227 nostri
1457 3192 1577 3237 optimi
1600 3190 1764 3227 Monac.
1792 3194 1832 3227 12
1857 3190 2007 3225 Helenus
2034 3195 2069 3226 et
2096 3191 2212 3228 Acron
2238 3196 2359 3230 melius
2381 3198 2531 3233 omnibus

2156 3262 2215 3301 6.
