2737 3600
113 1572 125 1587 ⁸
189 1560 274 1604 lixa
301 1565 368 1604 est
395 1560 488 1603 huic
516 1560 621 1603 libro
651 1560 884 1602 membrana
911 1558 1083 1602 edictum
1097 1558 1272 1603 Ioannis
1298 1558 1416 1603 Stur-

1363 138 1429 188 19

195 275 654 335 quisquis-regis.
676 277 739 320 ⁶7
765 272 1240 318 irrideant-latent
1264 273 1425 329 (Flnr.)
1463 277 1516 330 9,
1541 276 1588 320 8.
1615 275 1720 319 ustis
1750 276 2031 320 navalibus
2065 276 2228 333 (Flor.)
2258 278 2431 331 11,.1·x.
2447 277 2571 320 alle·

193 346 375 388 vantia
411 345 578 402 (Μαι.)
605 347 675 388 28.
706 342 1016 386 renidentis
1045 341 1212 396 (Βίου.)
1241 344 1312 388 12.
1338 344 1382 387 3.
1406 356 1508 385 nec
1532 343 1676 386 vatis
1705 343 2152 398 (Fluminecmaris)
2181 347 2265 401 18,
2287 346 2367 390 18.
2387 344 2569 389 dulcibus

193 414 426 471 eloquiis
456 406 610 468 (Flor.)
628 415 699 465 lo,
716 416 756 456 1.
774 411 861 466 jam
889 410 1152 453 atteritur
1180 410 1337 467 (Flor.)
1365 412 1437 456 83.
1463 410 1644 456 flavos
1674 412 1840 455 timeant
1868 413 2223 469 (fulvosFlo'r.)
2254 415 2327 469 1²,
2355 415 2573 473 ,μυρίαι

193 495 435 538 supremo
463 484 717 536 (superno
747 476 882 533 Flor.)
910 476 948 524 Ι.
977 476 1068 523 Sat.
1092 480 1240 534 &12⁹-
1265 493 1332 522 ne
1358 479 1561 537 pallida
1590 482 1665 536 (ve
1683 480 1871 540 p.F.lor.)
1887 482 1975 524 Ars
2004 486 2117 539 poet.
2137 484 2235 527 12⁹.
2264 493 2433 526 carmen
2460 482 2568 526 for-

192 550 352 593 mabis
381 549 425 591 in
459 541 589 590 actus.
618 543 752 587 Tituli
782 558 807 586 a
834 544 949 587 Flor.
982 546 1142 588 omnino
1173 545 1378 589 differunt.
1769 586 1771 589 .

304 681 569 738 19)1)1·d.
598 680 657 727 8.
707 680 889 726 Codex
913 684 958 727 3.
982 682 1600 742 .bibliothecae.Regiae
1629 682 1971 733 Dresdensis
2001 684 2242 734 chartaceus
2270 685 2315 730 in
2342 684 2437 731 Fal.
2467 687 2565 744 maj.

193 752 303 808 sign.
333 750 391 794 D.
419 751 520 795 139.
551 763 660 793 saec.
688 748 785 794 XV.
815 751 1028 805 exeuntis,
1066 751 1235 794 firmiter
1261 751 1431 809 ligatus,
1458 752 1573 794 corio
1603 751 1732 793 badio·
1755 757 1886 794 tecms
1917 753 2164 809 scutulisque
2194 755 2337 796 aeaeis
2365 756 2565 808 munitus,

193 821 276 860 142
289 817 402 860 foliis
432 822 626 860 constans
657 819 811 875 scripta
824 818 988 861 Horatii
1016 820 1148 862 omnia
1176 820 1375 874 continet,
1398 819 1478 864 hoc
1493 818 1660 861 ordine:
1693 818 1918 862 Odarum
1945 820 2087 863 libro
2101 835 2122 863 s
2140 820 2212 866 lv.
2226 821 2263 864 E
2276 821 2454 878 pedon
2473 822 2565 867 lib.

193 883 360 930 Carm.
379 900 517 931 saec.
547 884 715 942 Epist.
744 885 802 931 L.
830 887 861 930 L
889 885 945 930 ΙΙ.
1014 885 1318 930 Sermonum
1345 886 1462 930 Lib.
1491 885 1526 931 Ι.
1553 885 1610 930 11.
1639 886 1884 942 Postremo„
1906 887 2021 931 foliis
2051 889 2165 944 puris
2195 889 2351 946 aliquot
2377 891 2564 948 interpo-

191 952 302 1006 sitis,
318 951 500 994 Artem
515 966 539 1009 p
551 967 574 995 o
587 968 609 995 e
622 958 650 997 t.
663 952 823 998 Versus
832 954 877 995 in
887 954 1062 1011 singulis
1081 955 1246 1011 paginis
1255 956 1328 1008 80,
1360 954 1504 1009 scripti
1524 954 1633 1003 inter
1651 954 1783 996 lineas
1805 954 1899 997 stilo
1921 955 2079 1008 ductas,
2093 956 2201 998 binis
2222 958 2421 1013 utrinque
2439 958 2564 1000 lineis

190 1019 587 1075 perpendicularibus
616 1021 864 1064 terminatas.
923 1021 1115 1064 Litterae
1131 1021 1368 1078 eclogarum
1379 1020 1550 1075 rubrae,
1578 1033 1769 1064 versuum
1793 1021 1972 1065 initiales
1989 1022 2114 1065 minio
2134 1027 2330 1067 notatae..
2344 1023 2481 1068 ‘man
2497 1025 2564 1067 lit-

191 1086 294 1131 teris
323 1087 545 1133 uncialibus
574 1088 619 1133 in
646 1087 802 1147 eclogis
834 1087 1102 1146 superscripti
1129 1088 1337 1147 pigmento
1365 1096 1596 1146 purpureo,
1625 1087 1734 1145 quali
1760 1087 1880 1131 hodie
1910 1089 2074 1143 utimr,
2103 1089 2380 1133 recentiorem
2396 1104 2565 1134 >nuum

189 1154 389 1212 produnt,
427 1156 594 1199 eandem
638 1167 740 1213 quae
770 1157 909 1198 varias
937 1156 1135 1198 lectiones
1165 1171 1189 1198 e
1219 1161 1388 1212 quatuor
1416 1156 1534 1198 libris
1563 1168 1664 1198 mss.
1693 1169 1767 1211 per
1795 1162 1940 1199 totum
1948 1157 2055 1199 huuc
2079 1157 2268 1199 codicem
2297 1158 2445 1200 eodem
2472 1161 2565 1216 pig-

189 1229 323 1267 mento
362 1223 605 1301 adscripsit,
641 1239 725 1267 non
754 1228 850 1280 puto
892 1221 1123 1281 Georgii
1149 1222 1416 1278 Fabricii,
1456 1222 1572 1279 cujus
1612 1222 1679 1266 hic
1711 1222 1821 1266 liber
1849 1222 1943 1268 olim
1971 1224 2125 1269 fuisse
2134 1212 2312 1279 dicitur-3
2342 1237 2448 1269 non
2456 1226 2567 1270 eni-

191 1291 344 1335 saeculi
370 1290 564 1347 XV1,in
590 1303 668 1349 quo
697 1291 766 1333 ille
795 1290 914 1344 vixit,
945 1289 1020 1332 sed
1049 1304 1158 1333 saec.
1169 1289 1318 1335 XVIII
1343 1290 1478 1346 potius
1511 1289 1752 1345 scripturam
1782 1291 2042 1335 ostendunt!
2074 1290 2268 1335 Ceterum
2288 1305 2377 1337 ,nec
2393 1294 2567 1337 scholiis

188 1372 265 1404 nec
294 1359 450 1418 glossis
479 1360 524 1404 in
551 1359 633 1402 ulla
660 1363 776 1415 parte
803 1358 871 1401 hic
897 1358 1003 1401 libor
1031 1359 1270 1403 instructus.
1325 1358 1498 1415 Insigne
1538 1356 1735 1414 quoddam
1762 1358 1806 1399 in
1834 1359 2018 1401 omnibus
2046 1359 2168 1415 bajus
2196 1359 2304 1402 libri
2303 1360 2434 1404 foliis
2459 1376 2567 1406 scon

190 1427 386 1483 spicuum,
416 1427 523 1483 quod
551 1428 595 1467 in
612 1426 844 1467 Naumanni
872 1425 1067 1482 catalogo
1082 1425 1287 1469 librorum
1315 1440 1416 1467 mss.
1600 1425 1696 1465 bibl.
1723 1424 1867 1466 Senat.
1897 1425 2025 1480 Lips.
2050 1425 2168 1468 mab.
2199 1426 2277 1469 lx.
2314 1443 2420 1471 anne
2451 1432 2568 1472 lm

188 1495 401 1547 tribuitur,
437 1495 481 1536 in
519 1493 650 1536 altera
688 1507 798 1535 saec.
838 1490 935 1536 XV.
974 1500 1092 1548 parte
1127 1492 1235 1535 hunc
1271 1492 1417 1535 librum
1560 1529 1562 1533 .
1602 1492 1795 1548 scriptum
1817 1505 1933 1546 esse,
1961 1491 2192 1536 certissime
2207 1492 2398 1538 declarat.
2428 1495 2565 1541 Prae-

1543 1598 1545 1600 ,
1597 1559 1671 1603 aiii
1699 1559 1752 1601 ad
1788 1559 1996 1602 studiosos
2041 1560 2282 1616 continens,
2320 1575 2397 1619 quo
2422 1562 2564 1608 ..leam

189 1627 383 1684 Sapidum
413 1628 513 1669 odas
529 1628 780 1668 Horatiauas
810 1628 1017 1681 explicare
1045 1628 1151 1668 velle
1179 1628 1342 1670 iudicat.
1359 1649 1417 1661 —-
1480 1648 1483 1651 >
1604 1626 1894 1682 Scriptura
1922 1627 2040 1682 hujus
2071 1626 2161 1668 cod.
2189 1628 2355 1684 pinguis
2368 1635 2452 1684 est,
2472 1631 2567 1687 rudi

189 1695 325 1749 ductu,
354 1696 476 1751 plana
503 1694 677 1751 quidem,
705 1709 788 1737 uon
817 1694 1004 1752 elegans,
1033 1709 1108 1751 pro
1133 1693 1289 1738 saeculi
1305 1692 1415 1739 illius
1601 1707 1716 1737 more
1735 1692 1879 1737 ‚multis
1896 1692 2015 1751 siglis
2031 1697 2072 1737 et
2086 1693 2337 1751 compe-dib
2353 1696 2567 1743 mihendi

190 1766 364 1821 turpata.
419 1761 470 1806 Iu
504 1761 730 1807 litterarum
767 1762 966 1822 majorum
1004 1760 1123 1805 ductu
1165 1762 1270 1805 mira
1305 1763 1501 1807 varietas.
1557 1761 1608 1805 Ιιι
1635 1761 1858 1804 minoribus
1885 1760 2034 1803 litteris
2062 1761 2078 1803 i
2105 1763 2276 1818 passim,
2307 1763 2384 1805 sed
2411 1766 2566 1820 rarius,

188 1837 338 1889 puncto
366 1836 562 1885 notatum,
586 1832 607 1887 >i
635 1831 739 1885 (non
766 1830 802 1884 ί)
832 1825 1121 1887 (plerumque,
1152 1836 1195 1871 et
1221 1846 1258 1873 r.
1288 1844 1363 1886 pro
1395 1844 1418 1872 z
1447 1830 1649 1873 interdum
1666 1844 1689 1871 c
1718 1827 2113 1882 (Clacomenis).
2170 1830 2456 1887 Interpunctio
2472 1834 2565 1878 fere

188 1899 317 1943 nulla.
370 1898 571 1940 Punctum
598 1898 728 1939 minus
758 1899 833 1951 (·)
861 1898 1041 1953 passim,
1083 1896 1158 1940 sed
1184 1898 1337 1951 rarius,
1379 1912 1466 1942 non
1494 1897 1619 1941 aliud.
1677 1894 1818 1941 Verba
1846 1895 2083 1953 parenthesi
2109 1896 2273 1942 inclusa
2299 1898 2354 1943 in.
2374 1914 2456 1944 uno
2485 1900 2564 1945 hoc

191 1965 334 2010 codice
372 1966 525 2024 aliquot
558 1966 661 2009 locis
691 1966 934 2022 reperimus,
977 1979 1070 2008 nam
1097 1964 1357 2021 parenthesis
1387 1965 1550 2024 signum
1589 1965 1634 2010 in
1670 1961 1964 2021 antiquioribus
1993 1963 2110 2008 libris
2149 1978 2348 2024 nusquam
2377 1974 2563 2026 apparet.

192 2033 434 2092 orthogr
448 2034 604 2090 aphia
639 2046 817 2076 vocum
852 2033 1060 2075 librarium
1099 2032 1323 2089 exemplari
1358 2047 1470 2075 saec.
1502 2032 1601 2075 XII.
1642 2031 1710 2074 vel
1736 2031 1856 2073 XIII.
1896 2045 2012 2074 usum
2050 2045 2148 2075 esse
2177 2034 2337 2089 probat.
2393 2035 2564 2080 Littera

190 2115 226 2144 e·
242 2114 318 2158 pro
356 2115 442 2156 ae,
482 2115 540 2144 oe
579 2100 723 2157 ubique
762 2098 1001 2154 (Mecenas)
1037 2100 1054 2142 i
1080 2112 1155 2157 pro
1185 2111 1215 2157 y
1245 2111 1407 2157 semper
1444 2099 1683 2157 (Sisiphus,
1727 2098 1838 2141 Lide
1851 2132 1865 2153 ,
1903 2099 2066 2152 Lidia).
2136 2100 2302 2144 Littera
2338 2102 2367 2144 h
2405 2109 2563 2148 temere

190 2168 327 2213 addita
349 2169 416 2211 vel
440 2169 593 2212 omissa
621 2167 822 2224 (holus,
851 2167 1111 2221 hol-chus,
1140 2167 1396 2222 archana,
1425 2168 1576 2222 mihi,
1603 2166 1744 2210 nihil
1772 2169 1876 2221 (uon
1895 2167 2069 2221 michi,
2098 2168 2289 2222 nichil)
2319 2169 2561 2227 thaurus,

190 2237 465 2291 cathinus,
505 2236 684 2290 thura,
713 2235 877 2278 haure
921 2236 1016 2291 (pro
1047 2236 1167 2289 aure)
1198 2234 1275 2279 sed
1299 2235 1500 2292 pulcer,
1530 2234 1729 2292 pulcre,
1759 2233 1924 2278 corda
1952 2233 2145 2289 (chorda)
2175 2248 2336 2281 corus
2363 2238 2563 2295 (chorus)

189 2308 462 2347 coturnus.
493 2316 514 2346 s
542 2307 638 2360 post
665 2316 696 2345 x
723 2303 953 2359 plerumque
981 2303 1175 2345 omissum
1204 2303 1375 2357 (exul,
1412 2306 1721 2355 extructus,
1761 2305 2010 2357 expecto>
2046 2315 2071 2357 p
2099 2302 2209 2347 inter
2237 2317 2339 2358 mn,
2367 2319 2468 2360 ms,
2499 2313 2564 2349 nt

187 2373 385 2432 insertum
431 2375 795 2428 (contempno,
840 2385 1114 2427 sompnus,
1159 2371 1386 2426 ampnis,
1429 2370 1730 2427 columpna,
1777 2369 2025 2426 sumpsit,
2052 2369 2285 2427 hiemps,
2323 2376 2563 2431 temptat,

189 2438 459 2499 sumptus).
514 2438 565 2482 In
593 2452 772 2498 compos.
802 2452 877 2498 pro
904 2437 1080 2481 iiferei
1109 2437 1425 2493 (obiciebat,
1453 2437 1681 2492 iniciat,
1712 2436 1955 2491 deicere,
1992 2437 2262 2495 proicere.
2320 2439 2566 2485 Accusativi

186 2506 264 2549 111.
295 2506 399 2552 decl.
434 2507 674 2564 frequenter
700 2507 744 2549 in
772 2508 846 2561 is,
888 2520 972 2548 non
1000 2511 1134 2548 tamen
1161 2511 1276 2548 certa
1302 2507 1415 2563 lege,
1444 2520 1521 2548 nec
1551 2511 1801 2549 constanter.
1832 2518 1973 2560 quom
2001 2518 2077 2561 pro
2105 2519 2220 2549 cum
2243 2520 2400 2566 saepe3
2430 2511 2564 2565 vulg
2611 2527 2617 2532 ·

188 2573 401 2628 vulnus,
430 2573 617 2630 vulgus
658 2587 831 2630 semper.
889 2571 1137 2616 Praeterea:
1177 2571 1408 2631 Jupiter,
1448 2572 1726 2630 quicquid,
1765 2572 2062 2628 quicquam,
2100 2587 2361 2631 umquam,
2390 2577 2563 2635 pelex,

191 2655 380 2696 sucus,
408 2640 575 2696 milia,
596 2645 768 2698 urget,
798 2641 971 2698 ungit,
999 2644 1317 2698 percontor,
1348 2638 1572 2695 Ulixes,
1602 2639 1780 2693 Affer,
1807 2637 2047 2695 Affrica,
2079 2639 2169 2696 dii,
2191 2640 2562 2702 iiim-“ingenii

189 2716 285 2756 cett.
314 2710 505 2754 Lectio
535 2709 693 2766 huJus
724 2707 959 2763 codicis,
989 2707 1074 2750 etsi
1108 2721 1193 2749 non
1221 2707 1366 2765 ubique
1395 2712 1510 2750 recta
1540 2712 1582 2749 et
1610 2706 1836 2760 emendata,
1867 2707 2056 2750 versibus
2086 2710 2244 2767 passim
2273 2710 2340 2753 vel
2368 2713 2468 2755 totis
2497 2713 2565 2757 vel

189 2779 364 2823 dimidiis
394 2778 576 2830 omissis,
601 2776 740 2821 verbis
770 2775 944 2833 singulis
973 2774 1040 2818 vel
1069 2774 1237 2818 omissis
1267 2775 1335 2818 vel
1363 2776 1646 2834 transpositis,
1676 2776 1809 2818 rarius
1840 2774 2078 2833 depravata,
2107 2790 2191 2820 non
2220 2783 2370 2833 tamen,
2399 2794 2475 2837 pro
2491 2780 2564 2825 illa

188 2846 432 2908 praesertim
470 2849 629 2902 aetate,
660 2842 913 2905 spernenda,
952 2841 1028 2886 sed
1066 2842 1167 2885 satis
1208 2842 1315 2885 bona
1343 2847 1385 2885 et
1411 2843 1565 2902 proba,
1610 2842 1804 2887 nonnulla
1830 2843 2002 2901 propria
2031 2843 2173 2899 offert,
2202 2850 2246 2887 ut
2271 2844 2306 2887 I.
2331 2845 2416 2888 nd.
2448 2851 2491 2902 1,
2520 2851 2563 2892 Ἰ.

189 2921 353 2959 turma
381 2915 611 2968 Quiritium.
639 2915 709 2956 2⁶1.
739 2912 823 2956 Seu
838 2913 930 2954 visa
957 2916 1026 2953 est
1056 2910 1240 2953 oculis.
1267 2912 1339 2953 86.
1368 2909 1589 2954 Vortice
1620 2910 1814 2953 sidera.
1843 2913 1888 2964 3,
1917 2911 2188 2955 ⁷.Reddes
2221 2912 2565 2959 incolumemin

188 2984 545 3042 Perrupitque
573 2982 891 3025 Acheronta.
939 2983 995 3034 4,
1023 2981 1065 3021 8.
1095 2979 1228 3022 visit
1268 2978 1470 3022 officinas.
1495 2983 1553 3034 9,
1594 2980 1636 3024 1.
1669 2983 1776 3022 stat
1803 2978 1912 3025 nive.
1944 2981 2013 3035 13,
2042 2981 2086 3025 6.
2117 2978 2325 3032 Quanta
2354 2987 2473 3041 parte
2503 2987 2566 3041 (ut

191 3051 371 3109 conjecit
396 3050 452 3095 N.
472 3050 706 3105 Heinsius.)
736 3051 806 3104 17,
838 3052 905 3094 19.
934 3047 1133 3103 Disces
1162 3045 1412 3089 laborantes.
1442 3047 1516 3101 21,
1546 3048 1615 3088 19.
1647 3046 1864 3089 totidem
1893 3047 2090 3090 extollite.
2112 3049 2516 3107 .8),..‘U.-j.uvehtu
2529 3068 2565 3099 s.

189 3118 246 3163 11.
276 3119 436 3174 ode,
464 3121 508 3162 8.
539 3119 702 3162 cineres
741 3121 979 3176 apertos.
1006 3113 1083 3160 IV.
1114 3113 1192 3157 od.
1221 3117 1275 3169 2,
1311 3116 1383 3157 23.
1412 3113 1580 3157 Aureus
1620 3113 1845 3157 deducit.
1877 3114 2010 3173 Epod.
2039 3117 2086 3170 8,
2116 3118 2189 3162 11.
2212 3116 2565 3176 alligaturam

185 3186 291 3244 juga
315 3189 361 3242 7,
391 3190 460 3234 lo.
491 3191 729 3244 mentesque
757 3197 1065 3245 percussae.
1098 3181 1132 3224 1.
1164 3181 1254 3248 Sat.
1284 3185 1326 3238 1,
1352 3185 1425 3226 87.
1456 3182 1507 3226 Si
1534 3196 1654 3226 nemo
1684 3186 1938 3240 praestat.
1967 3186 2013 3237 4,
2043 3186 2114 3229 11.
2145 3184 2254 3241 quod
2275 3186 2422 3230 tollere
2451 3203 2564 3246 pos-

2189 3263 2250 3305 8*
