2737 3600
1352 164 1390 213 9

182 311 294 343 num
320 297 694 345 librosI—IV.
725 296 1036 354 (deficientibus
1064 296 1270 341 nonnullis
1290 297 1534 342 carminibus
1564 303 1606 342 et
1633 297 1807 357 singulis
1825 299 2044 342 carminum
2065 296 2200 344 locis)
2230 297 2451 358 Epodon
2486 298 2557 342 lib.

183 365 353 411 Carni.
382 367 594 413 saec.A.
623 371 761 425 poet.
788 369 975 421 (praeter
989 369 1212 409 extremm
1228 360 1320 423 eius
1338 371 1582 425 partemav.
1603 367 1725 423 441.)
1755 366 2056 411 Sermonum
2069 367 2189 414 Lib.
2207 366 2244 410 1.
2275 372 2355 411 sat.
2384 370 2425 410 1.
2453 369 2496 410 2.
2514 368 2558 411 2.

182 448 310 494 usque
339 434 392 480 ad
419 448 458 479 v.
490 435 587 479 1⁸4.
615 433 751 491 inquo
782 431 930 475 deficit.
962 430 966 433 ’
988 431 1110 476 Hunc
1139 431 1319 477 codicem
1348 432 1566 478 Alcuini
1594 434 1687 478 olim
1714 434 1864 491 fuisse,
1895 439 1966 477 aut
1992 434 2043 477 ab
2071 434 2165 495 ipso
2196 435 2392 495 scriptam
2422 439 2495 477 aut
2507 449 2561 477 ex

182 503 314 562 ipsius
344 501 569 561 exemplari
588 499 849 559 descriptum,
880 498 981 544 Car.
1007 498 1144 546 Gnil.
1178 499 1477 546 Muellerus
1506 503 1673 559 amicus,
1702 506 1797 545 tunc
1810 501 2423 559 Professoracad.Beraensis,
2449 517 2560 546 nunc

183 571 391 629 gymnasii
408 566 652 612 Rudolstad.
668 566 927 613 Directorv.
940 566 1004 611 cl.
1023 583 1100 628 per
1114 568 1272 612 litteras
1291 569 1445 628 pridem
1453 571 1572 613 nohis
1582 570 1853 628 significavit3
1883 569 1987 613 mr
1997 570 2036 613 d.
2060 569 2169 613 Hau
2182 570 2382 614 thalins
2407 576 2559 626 autem,

183 636 236 682 V.
256 637 321 681 cl.
341 637 408 694 qui
424 636 516 695 ipse
534 648 626 678 eum
645 635 829 679 manibus
846 636 1039 679 tractavit
1056 640 1097 679 et
1110 638 1331 695 excerpsit,
1358 638 1402 682 in
1419 637 1560 682 Jahnii
1577 637 1729 683 Annal.
1747 651 1785 681 a.
1815 638 1943 683 1828.
1972 635 2068 683 vol.
2095 639 2166 681 22.
2199 652 2299 696 pag.
2325 639 2415 682 228
2443 652 2505 695 sq.
2534 652 2561 682 a

184 702 550 750 Volcbrechto
582 702 767 760 quodam,
796 702 993 746 monacho
1024 701 1207 759 Sentice,
1237 705 1430 764 scriptum
1459 705 1570 748 dicit.
1631 703 1830 762 Equidem
1851 704 1950 747 mihi
1967 703 2219 763 persuadere
2237 719 2323 749 non
2341 705 2477 764 potui,
2508 705 2560 748 ab

185 767 387 826 Alcuino,
412 770 575 815 homine
605 769 906 827 eruditissimo,
941 770 1084 816 librum
1127 772 1349 817 innumeris
1379 773 1518 829 vitiis,
1555 787 1639 817 non
1668 773 1825 817 erroris
1854 770 1973 816 modo
1986 805 2000 828 ,
2031 771 2106 816 sed
2133 773 2264 832 turpis
2294 772 2560 832 ignorantiae

184 853 315 898 paene
343 839 544 894 obrutum,
573 839 758 898 potuisse
787 839 945 884 confici.
974 839 1041 883 Ab
1069 841 1256 901 imperito
1285 842 1421 900 potins
1450 841 1636 895 librario,
1664 840 1831 899 linguae
1845 840 2024 882 Latinae
2052 840 2144 882 fere
2171 841 2338 898 ignaro,
2369 855 2394 882 e
2414 840 2559 884 codice

184 920 270 949 non
307 907 483 966 optimae
519 912 641 950 notae
678 921 774 951 esse
804 907 1073 967 descriptum,
1111 923 1200 952 cum
1227 909 1440 952 innumera
1475 908 1638 963 eri-ata,
1677 922 1830 967 pravae
1867 908 2067 952 lectiones
2098 913 2141 951 et
2167 922 2294 952 voces
2325 907 2560 968 discerptae

184 973 373 1033 falsoque
382 975 519 1042 -inter
555 989 602 1019 se
624 976 815 1034 junctae,
851 980 933 1020 tum
969 990 1070 1020 vera
1106 976 1393 1021 vocabulorum
1421 980 1612 1036 portenta
1639 982 1818 1035 arguunt
1844 979 1935 1029 (ex.
1965 989 2032 1034 gr.
2060 974 2096 1019 1.
2126 974 2204 1018 Sat
2229 978 2284 1031 2,
2311 977 2367 1019 21
2399 975 2557 1020 Audi·

183 1047 331 1087 resto
359 1057 422 1103 pe
476 1045 655 1104 ptium:
686 1044 825 1088 audire
855 1051 921 1088 est
949 1058 1099 1104 operae
1127 1046 1312 1104 pretium.
1341 1047 1412 1088 44.
1442 1049 1665 1088 catonus
1695 1058 1771 1103 pro
1802 1044 1984 1088 calones.
2012 1044 2085 1086 δῦ.
2113 1042 2263 1086 Mars
2294 1057 2454 1088 sevus
2483 1059 2559 1104 pro

186 1110 421 1156 Marsaeus.
448 1114 521 1158 ω.
549 1126 689 1170 qnam
727 1127 813 1156 res
841 1114 941 1157 tibi
985 1126 1047 1156 an
1076 1113 1248 1157 trahit
1275 1111 1479 1155 avunde
1506 1126 1605 1171 pro:
1646 1126 1763 1170 quam
1792 1126 1864 1154 res
1901 1110 2040 1153 trahit.
2079 1124 2132 1153 an
2171 1110 2245 1153 tibi
2288 1110 2459 1154 abunde.
2487 1115 2559 1155 64.

190 1177 398 1222 Utilius
426 1179 699 1222 infaustas
728 1179 833 1222 ulle
860 1194 960 1239 pro:
992 1179 1139 1225 Villius
1168 1180 1212 1222 in
1240 1179 1399 1222 Fausta
1428 1178 1582 1221 Sullae.
1612 1180 1710 1234 etc.)
1739 1178 1834 1221 Hoc
1863 1177 2005 1220 codice
2030 1177 2211 1220 Orellius
2241 1192 2343 1220 usus
2373 1185 2456 1233 est,
2487 1180 2562 1222 sed

186 1246 320 1305 paullo
359 1247 652 1305 negligentius.
718 1246 822 1304 Ejus
859 1247 1060 1290 lectiones
1108 1248 1151 1289 in
1186 1246 1359 1303 Lyricis
1408 1260 1434 1288 a
1472 1244 1523 1290 C.
1563 1244 1672 1291 Guil.
1726 1245 1931 1289 Muellero
1984 1245 2294 1290 accuratissime
2343 1252 2562 1305 excerptas

187 1312 295 1357 idem
336 1314 380 1358 in
416 1318 598 1357 extremo
636 1312 731 1359 Vol.
767 1313 825 1359 Π.
864 1313 930 1358 ed.
969 1312 1174 1357 secundae
1211 1327 1237 1356 a
1263 1326 1361 1372 pag.
1390 1314 1475 1356 811
1493 1337 1547 1346 -
1560 1315 1647 1356 81⁷
1684 1312 1880 1356 exhihuit.
1938 1312 1990 1356 F.
2019 1312 2264 1367 Hauthalius
2294 1313 2322 1356 l.
2353 1327 2390 1356 c.
2421 1314 2562 1357 varias

188 1380 307 1425 Artis
335 1386 446 1441 poet.
476 1386 520 1424 et
547 1380 774 1424 Satirarum
802 1381 840 1436 I,
870 1384 911 1424 1.
940 1383 983 1424 2.
1011 1376 1053 1424 8‘.
1084 1381 1282 1424 lectiones
1312 1380 1509 1438 vulgavit.
1567 1379 1653 1424 Sed
1681 1394 1771 1440 enm
1798 1381 1931 1437 ipsum
1961 1379 2068 1423 haud
2085 1394 2216 1439 pauca
2231 1381 2275 1423 in
2296 1381 2563 1425 conferendis

188 1450 328 1493 verbis
357 1449 538 1508 fugisse,
567 1449 635 1492 hic
663 1447 811 1492 additis
841 1463 908 1492 ex.
938 1463 1004 1507 gr.
1034 1448 1106 1504 iis,
1136 1461 1237 1507 quae
1266 1448 1311 1491 in
1325 1446 1467 1491 Satira
1492 1449 1537 1493 2.
1566 1447 1717 1502 omisit,
1748 1446 1889 1490 eadem
1917 1446 2032 1490 Feae
2060 1446 2238 1491 editione
2264 1447 2459 1505 adhibita,
2490 1448 2563 1493 de-

87 1550 93 1556 .
187 1517 516 1561 monstrabimus.
543 1531 583 1559 v.
613 1520 683 1559 21.
711 1522 808 1560 nato
837 1516 1053 1574 fugisse
1082 1516 1240 1575 fugato.
1268 1518 1339 1559 86.
1370 1514 1462 1559 Sic
1490 1516 1728 1559 memirat
1755 1515 1980 1558 orcunni
2005 1517 2077 1559 80.
2106 1506 2229 1569 multss
2257 1523 2449 1576 corrupta
2475 1518 2565 1572 (vl).

190 1583 376 1629 dolore
404 1583 654 1644 voluptas
685 1582 865 1639 desunt).
893 1585 950 1627 41
980 1583 1119 1628 Hinc
1149 1598 1209 1628 se-
1231 1583 1597 1645 praecipitemAG.
1620 1562 1716 1643 ᾗτε
1742 1583 1929 1629 omnis.
1959 1584 2090 1638 §mat
2116 1584 2183 1628 hic
2214 1585 2296 1628 sit.
2312 1587 2382 1629 70.
2401 1584 2562 1646 Magno

147 1684 150 1685 γ
188 1657 479 1712 cognatum.
515 1655 586 1696 71.
617 1653 869 1697 conferbvuit
894 1654 971 1697 ira.
1000 1655 1073 1697 78.
1100 1652 1340 1697 meliore.
1368 1655 1427 1697 80
1454 1653 1545 1696 Nec
1574 1652 1742 1711 magis
1773 1652 1918 1695 inter
1944 1653 2134 1697 niveos
2164 1654 2304 1705 (huic
2333 1655 2564 1710 omissum).

186 1721 258 1765 82.
289 1725 453 1779 gestat.
476 1721 779 1780 apertis.84.
808 1734 901 1764 nec
922 1721 969 1764 si
990 1720 1125 1779 qnid.
1143 1723 1217 1766 92.
1238 1725 1456 1780 spectes
1487 1733 1512 1764 o
1541 1734 1664 1763 crus
1694 1720 1917 1763 bacchia
1944 1733 2096 1762 verum.
2116 1723 2213 1763 100.
2241 1722 2456 1768 invideant
2477 1738 2566 1766 cur

190 1794 415 1847 apparet
441 1789 516 1832 ibi
543 1804 663 1832 rem.
689 1791 781 1832 11η.
811 1789 910 1832 huc
940 1789 1099 1832 similis.
1128 1791 1225 1832 11⁶.
1254 1789 1821 1846 brombumqne—num
1849 1787 2031 1845 inguina.
2062 1812 2116 1820 -
2145 1786 2196 1831 In
2226 1789 2563 1849 compendiis

190 1856 498 1917 scripturae
526 1855 720 1901 notabilis
749 1855 923 1916 illojam
952 1870 1054 1900 aevo
1083 1855 1162 1899 litt.
1194 1871 1224 1922 g
1249 1868 1326 1916 pro
1354 1868 1414 1901 ae
1441 1854 1796 1915 frequentissima3
1819 1863 2038 1915 &saepe
2066 1854 2109 1898 in
2149 1860 2265 1899 textu
2293 1871 2370 1917 pro
2411 1864 2507 1902 est.
2538 1873 2561 1901 ο

187 1937 263 1984 pro
303 1937 401 1967 con
437 1925 479 1979 (ο
490 1924 726 1977 ferbuit).
758 1923 827 1965 Ex
855 1923 1019 1966 schedis
1046 1921 1250 1965 Muelleri
1271 1922 1519 1965 humanitate
1554 1924 1763 1965 nobiscnm
1800 1924 2100 1965 communicatis
2129 1929 2173 1965 et
2208 1926 2318 1966 vitae
2356 1927 2563 1969 brevioris

188 1991 441 2034 Horatianae
475 1991 570 2034 huic
608 1990 740 2034 codici
775 1991 1036 2050 praepositae
1074 1990 1150 2033 sed
1178 1989 1341 2033 aliunde
1364 1991 1451 2047 jam
1478 1999 1601 2033 notae
1639 1990 1777 2033 varias
1815 1990 2017 2033 lectiones
2047 1989 2229 2034 dabimus
2260 1997 2304 2034 et
2331 1994 2563 2051 scripturae

187 2059 319 2118 ipsius
357 2060 563 2118 specimen
589 2059 633 2102 in
660 2058 799 2102 tabula
826 2057 962 2101 addita
989 2058 1283 2102 exhibebimus.

306 2125 502 2172 Codicum
527 2126 799 2171 Berneusinm
828 2140 939 2170 saec.
966 2125 1031 2189 x:
1052 2125 1130 2182 Nr.
1158 2127 1215 2168 21
1244 2132 1288 2169 et
1311 2126 1415 2180 542,
1445 2123 1588 2182 quibus
1617 2138 1717 2168 usus
1748 2129 1813 2168 est
1828 2123 2012 2168 Orellius
2042 2125 2130 2170 sub.
2162 2125 2239 2168 litt.
2269 2126 2308 2170 b.
2338 2132 2380 2169 et
2408 2143 2461 2184 c.‚
2501 2129 2563 2172 le-

191 2194 350 2239 ctiones
380 2193 574 2253 quasdam
602 2198 819 2254 excerptas
847 2192 1059 2250 habemus,
1088 2206 1188 2252 quas
1220 2206 1295 2236 suo
1324 2196 1505 2252 tempore
1533 2191 1802 2251 proferemus.
1859 2191 1910 2235 In
1936 2192 2091 2235 nostris
2121 2198 2252 2236 antem
2269 2194 2346 2237 hos
2365 2194 2469 2239 dnos
2487 2211 2562 2240 nu-

191 2276 408 2319 meramus,
438 2264 541 2322 quos
569 2261 644 2305 ille
672 2262 716 2305 in
744 2259 913 2305 edendis
941 2260 1048 2304 Hor.
1079 2260 1246 2321 scriptis
1274 2272 1357 2303 non
1386 2258 1589 2302 adhibuit:

302 2398 353 2451 5)
381 2398 541 2445 Bm.
569 2409 621 2445 e.
651 2398 881 2443 codicem
908 2398 1274 2442 bibliothecae
1302 2396 1608 2440 Beruensis
1637 2396 1713 2440 Nr.
1742 2399 1841 2439 619.
1871 2397 2088 2441 membran.
2106 2396 2149 2439 in
2176 2398 2252 2439 svo
2269 2411 2380 2442 saec.
2400 2398 2477 2443 Xl.
2495 2400 2563 2443 In-

193 2469 289 2507 sunt
315 2464 558 2509 Sermonum
586 2466 684 2509 libri
712 2479 739 2509 a
766 2470 844 2509 sat.
871 2465 909 2520 I,
935 2468 979 2508 9.
1010 2470 1053 2507 et
1078 2464 1311 2523 Epistolae,
1340 2478 1429 2506 cum
1459 2463 1621 2521 glossis
1649 2464 1693 2505 in
1721 2464 1969 2521 marginibus
1999 2463 2234 2523 adscriptis.

302 2599 357 2654 Β)
385 2598 544 2646 ΙΙΙ-ιι.
583 2598 627 2646 f.
666 2598 774 2642 cod.
810 2599 1182 2643 bibliothecae
1219 2598 1526 2642 Beruensis
1555 2597 1634 2641 Nr.
1661 2600 1762 2643 827.
1798 2599 2015 2641 membran.
2044 2612 2154 2643 saec.
2183 2599 2283 2643 XII.
2323 2601 2391 2658 qui
2420 2602 2564 2647 Artem

190 2668 405 2727 poeticam,
433 2666 712 2727 Epistolarum
741 2672 784 2710 et
802 2666 1043 2710 Sermonum
1069 2666 1201 2710 libros
1229 2667 1424 2733 continet.
1441 2667 1680 2725 Descripsit
1709 2680 1796 2709 enm
1825 2680 1911 2710 cum
1941 2666 2037 2710 aliis
2067 2681 2168 2712 mss.
2197 2667 2481 2714 Bemensibus
2509 2669 2561 2713 F.

191 2735 439 2781 Hauthalius
467 2736 511 2779 in
539 2735 669 2780 libro:
700 2733 889 2779 Seebode
918 2733 1076 2778 Archiv
1104 2735 1230 2777 1829.
1259 2732 1334 2779 lv.
1362 2735 1433 2777 60.

303 2873 358 2927 Ὀ
385 2870 528 2919 Brl.
562 2869 614 2915 Ι.
644 2867 1224 2914 CodexBerolinensis
1253 2868 1828 2912 noster-bibliothecae
1847 2868 2060 2928 Regiae
2089 2870 2311 2913 membran.
2330 2872 2559 2917 saeeXII.

192 2941 237 2982 in
263 2943 362 2995 Βνο,
403 2939 513 2998 sign.
544 2937 620 2980 Nr.
652 2939 698 2980 6.
736 2937 890 2996 scripta
916 2936 1082 2979 Horatii
1119 2937 1254 2979 omnia
1290 2937 1502 2979 continens
1539 2942 1705 2994 praeter
1734 2942 1811 2980 sat.
1839 2936 1885 2989 1,
1915 2939 1942 2978 1
1959 2960 2014 2969 —
2029 2939 2075 2990 4,
2102 2939 2174 2980 21.
2194 2937 2330 2995 Epist.
2357 2938 2419 2990 11,
2447 2943 2494 2994 2,
2525 2956 2565 2984 v.

193 3009 225 3051 2
243 3034 297 3041 -
312 3008 400 3050 210
428 3011 472 3050 et
497 3006 644 3049 Artem
672 3012 781 3065 poet.
812 3004 942 3058 Quem
969 3006 1013 3049 in
1041 3004 1193 3049 Satiris
1222 3003 1391 3048 edendis
1422 3003 1517 3048 olim
1553 3003 1772 3048 adhibitum
1795 3004 1961 3063 plenius
1991 3004 2285 3063 descripsimus
2313 3006 2358 3050 in
2387 3006 2565 3053 Praefa-

194 3076 308 3120 tione
336 3073 634 3120 ad'Satirarum
661 3072 757 3121 Vol.
788 3072 824 3118 1.
852 3087 893 3133 p.
921 3070 1327 3119 xcvn—xclx.
1355 3071 1423 3117 Ex
1451 3073 1543 3131 ejus
1570 3072 1812 3117 lectionibus
1826 3071 2045 3117 nonnullas
2072 3071 2251 3118 nondum
2277 3073 2471 3134 vulgatas
2500 3076 2567 3122 hic

194 3144 333 3203 placet
369 3142 537 3187 afferre.
564 3142 600 3186 Ι.
631 3141 709 3187 od.
735 3143 819 3198 85,
856 3144 897 3186 2.
934 3143 1033 3186 imo
1069 3141 1359 3186 extollere.
1388 3140 1432 3185 Π
1460 3140 1538 3185 Od.
1574 3143 1629 3198 2,
1657 3143 1699 3184 2.
1737 3155 1820 3185 non
1859 3155 1980 3184 secus
2019 3156 2078 3184 ac
2114 3141 2250 3185 bonis.
2280 3145 2335 3199 4,
2362 3146 2405 3187 7.
2433 3144 2566 3188 medio

196 3211 411 3271 triumpho.
438 3215 483 3257 θ.
513 3213 582 3256 10.
612 3211 766 3256 fertilis
804 3209 1030 3256 Baccho.
1072 3213 1152 3268 lo,
1190 3212 1259 3255 18.
1290 3209 1536 3255 citharae
1565 3214 1779 3255 tacentem.
1809 3210 1890 3266 1⁶,
1928 3212 2009 3254 le:
2039 3209 2234 3255 excludet
2260 3217 2459 3257 aestus.
2488 3212 2564 3256 111.
