2737 3600
1351 197 1385 248 8

172 334 268 378 Fol.
298 335 393 377 min.
432 334 546 376 corio
587 330 706 375 badio
744 334 877 374 tectus
890 363 904 385 ‚
946 332 1031 375 141
1075 331 1189 376 foliis
1230 335 1442 376 constans.
1486 329 1684 377 Continet
1720 333 1766 386 a)
1804 328 1856 386 Q.
1887 330 1963 375 Ho
1975 330 2104 374 retii
2141 329 2207 374 Fl.
2246 330 2393 377 Serm
2406 339 2553 380 o'num

175 402 297 447 Lib.
326 402 362 444 1.
391 400 448 442 11.
467 399 541 442 fol.
560 402 586 440 1
602 400 745 442 -4o.
763 394 809 451 b)
837 397 960 441 Dec.
989 397 1142 443 Junii
1172 398 1461 443 Juvenalis
1491 398 1708 443 Satiras
1726 400 1770 443 in
1790 399 1893 443 duos
1909 398 2036 443 libros
2053 398 2207 443 divisas
2222 398 2295 442 fol.
2309 400 2369 443 4⁸1
2385 426 2440 435 —
2457 404 2552 447 1⁸0.

175 477 220 524 c)
247 470 302 513 A.
338 467 525 511 Persii
560 466 753 512 Flacci
789 465 905 510 libr.
957 463 1263 511 Satirarum
1302 465 1374 510 fol.
1413 468 1495 510 181
1523 493 1574 500 —
1604 468 1701 511 141.
1760 466 1900 511 Totus
1942 466 2010 511 hic
2049 465 2179 511 codex
2217 479 2296 509 una
2332 465 2552 527 eademque

173 550 290 581 mann
318 535 362 578 in
392 534 535 578 charta
564 533 800 594 splendida,
836 538 950 577 terra
993 534 1158 577 cimolia
1186 533 1351 577 inducta
1380 534 1672 578 candidissima
1699 549 1749 578 ac
1776 535 1998 593 laevigata,
2029 539 2250 577 atramento
2278 533 2442 592 vulgari
2469 549 2552 580 non

83 635 86 638 ⁴
171 602 277 648 belle
315 601 475 660 quidem
505 602 581 644 sed
618 602 845 645 luculenter
881 606 923 644 et
960 601 1164 659 explicate
1204 602 1399 657 scriptus.
1456 594 1624 645 Versus
1650 603 1694 645 in
1724 602 1899 659 singulis
1928 603 2093 660 paginis
2122 603 2330 645 22—24.
2359 602 2403 644 in
2430 601 2552 645 lineis

172 683 343 713 cerussa
372 670 518 717 ductis,
552 674 596 711 et
624 683 707 712 una
734 671 843 712 linea
869 667 1197 726 perpendiculari
1227 667 1425 722 utrimque
1456 669 1683 709 terminatis
1714 670 1874 726 scripti,
1903 670 2053 711 litteris
2083 670 2185 711 satis
2215 669 2372 726 magnis
2403 674 2446 711 et
2463 669 2552 727 pin-

172 738 347 797 guibus,
386 735 639 795 compendiis
680 737 907 796 scripturae
952 734 1150 793 siglisque
1190 747 1274 777 non
1308 732 1369 776 ita
1405 732 1541 776 multis
1581 739 1624 776 et
1663 734 1926 793 simplicibus.
1967 750 1990 778 e
2019 750 2095 794 pro
2134 750 2192 779 ae
2234 741 2276 779 et
2303 750 2362 779 oe
2390 735 2552 794 ubique,

173 811 319 850 contra
356 819 416 847 oe
453 818 531 863 pro
563 819 587 847 e
618 811 661 847 et
701 819 760 847 ae
803 805 956 862 passim
985 803 1026 856 (f
1033 817 1058 845 o
1071 802 1271 856 elices,
1300 800 1472 856 loeta)
1501 816 1520 843 ι
1548 800 1781 859 plerumque
1812 803 2000 860 simplex,
2032 804 2166 847 rarius
2196 810 2345 863 puncto
2375 809 2553 848 notatum

171 872 264 931 (i).
294 872 388 927 hii,
418 871 529 930 hijs
560 886 636 931 pro
666 871 734 928 hi,
762 871 864 926 his,
894 871 1021 914 haut
1047 884 1124 930 pro
1154 868 1304 924 haud,
1348 882 1431 911 non
1458 881 1571 912 raro.
1601 881 1718 910 cum
1744 881 1838 927 pro
1869 882 1963 911 con
1993 872 2148 929 passim
2177 871 2553 928 (cumcredere‚

171 940 477 995 cumclave).
508 941 523 981 i
554 945 596 982 et
622 954 653 997 y
683 954 811 999 saepe
846 941 954 982 inter
994 953 1040 981 se
1082 943 1370 990 commutatae,
1413 936 1487 979 sed
1516 950 1710 992 nusquam
1739 936 1920 989 michi,
1951 937 2134 982 nichil.
2167 964 2216 971 --
2251 940 2553 983 Distinctio

172 1011 262 1052 fere
301 1009 437 1063 nulla,
468 1009 536 1051 vel
565 1008 775 1051 admodum
806 1023 924 1062 rara,
955 1008 1072 1051 modo
1103 1022 1178 1066 per
1206 1012 1408 1064 punctum.
1465 1003 1753 1063 Interrogandi
1784 1003 1946 1062 signum
1976 1005 2137 1050 omnino
2169 1006 2316 1051 deficit.
2364 1008 2553 1052 Litterae

172 1079 354 1135 majores
386 1091 421 1119 s.
452 1077 634 1118 unciales
664 1075 755 1118 rudi
783 1076 892 1118 illius
924 1076 1015 1118 aevi
1046 1074 1165 1117 ductu
1194 1074 1395 1130 figuratae
1424 1072 1663 1129 multumque
1682 1072 1888 1125 variatae3
1918 1072 2098 1115 initiales
2126 1074 2358 1132 eclogarum
2375 1077 2553 1135 titulique

172 1148 218 1191 in
254 1146 387 1203 primo
417 1144 658 1188 Sermonum
695 1143 801 1186 libro
841 1143 965 1185 minio
1004 1143 1127 1200 picti,
1166 1141 1287 1183 etiam
1324 1154 1514 1182 versuum
1551 1139 1732 1182 initiales
1770 1139 1988 1198 pleraeque
2024 1139 2176 1183 lineola
2211 1143 2334 1185 rubra
2376 1150 2552 1189 notatae.

173 1213 320 1257 Prima
357 1211 509 1255 codicis
548 1209 688 1253 littera
717 1208 754 1262 Q
785 1208 976 1252 coeruleo
1014 1209 1223 1268 pigmento
1265 1207 1431 1265 scripta.
1490 1205 1539 1249 Iu
1580 1206 1709 1249 altero
1741 1206 1982 1249 Sermonum
2010 1207 2114 1250 libro
2146 1221 2264 1251 omne
2293 1212 2454 1255 minium
2484 1213 2554 1256 de·

174 1281 273 1323 ficit.
305 1278 480 1321 Glossae
511 1283 552 1317 et
581 1277 690 1317 inter
718 1290 866 1318 versus
897 1282 940 1317 et
969 1276 1020 1317 ad
1049 1277 1259 1332 margines
1290 1276 1333 1316 in
1362 1276 1493 1331 primo
1511 1273 1753 1317 Sermonum
1781 1275 1887 1317 libro
1907 1276 2225 1331 frequentiores,
2256 1278 2300 1319 in
2319 1278 2448 1323 altero
2465 1281 2554 1323 fere

176 1348 324 1393 nullae.
354 1345 523 1389 Scholia
551 1344 815 1402 paucissima.
875 1342 1053 1386 Tituli
1083 1342 1260 1400 singulis
1291 1341 1452 1398 eclogis
1482 1341 1628 1400 partim
1657 1341 1884 1400 praepositi
1913 1340 2181 1400 simpliciores
2211 1344 2337 1398 (utin
2351 1344 2443 1391 Sat.
2459 1346 2496 1403 1,
2510 1349 2553 1392 8.

176 1415 389 1471 „Sermo
436 1410 698 1456 secundus
727 1410 973 1469 incipit.“
1018 1411 1062 1454 in
1092 1415 1170 1454 sat.
1199 1411 1230 1452 4
1260 1408 1523 1464 „Tertius
1556 1410 1773 1452 sermo.“
1833 1409 1951 1452 etiam
1981 1409 2050 1453 lib.
2079 1409 2136 1456 Π.
2167 1412 2338 1470 septima
2367 1428 2454 1457 cum
2485 1429 2552 1459 su-

172 1483 339 1543 periore
367 1483 539 1536 nexa.),
577 1479 725 1539 partim
753 1478 915 1522 omnino
945 1477 1108 1525 desunt.
1136 1501 1194 1512 —
1224 1476 1341 1520 Tota
1369 1475 1524 1520 codicis
1555 1477 1703 1532 facies,
1732 1476 1958 1521 litterarum
1988 1477 2130 1521 ductus
2161 1485 2375 1539 ceteraque
2404 1483 2555 1529 indicia

174 1549 380 1594 saeculum
393 1546 490 1593 XV.
519 1546 712 1606 produnt,
741 1546 783 1589 id
812 1545 918 1603 quod
946 1552 1045 1588 nota
1072 1547 1117 1588 in
1145 1546 1238 1604 ipsa
1267 1546 1409 1586 charta
1437 1545 1563 1586 insita
1592 1546 1800 1603 probatur.
1830 1545 1953 1587 Folia
1983 1547 2089 1588 enim
2119 1549 2253 1590 omnia
2282 1550 2359 1591 hoc
2387 1551 2554 1610 insigne

174 1642 327 1686 habent
365 1641 408 1683 111
448 1640 660 1697 margine:
847 1636 952 1695 quod
989 1638 1033 1680 in
1061 1637 1290 1680 Naumanni
1329 1635 1517 1694 catalogo
1548 1634 1741 1679 librorum
1769 1650 1869 1680 mss.
1900 1635 1993 1679 bibl.
2025 1635 2167 1680 Senat.
2197 1637 2320 1699 Lips.
2351 1639 2459 1686 Tab.
2489 1658 2552 1688 1x.

175 1722 284 1752 anno
310 1709 426 1751 1478
456 1707 663 1761 tribuitur,
846 1704 952 1747 unde
990 1706 1033 1747 in
1072 1710 1256 1747 extrema
1292 1704 1400 1746 illius
1441 1704 1595 1746 saeculi
1632 1709 1748 1762 parte
1785 1703 1891 1745 hunc
1920 1703 2063 1747 librum
2093 1720 2189 1748 esse
2221 1708 2414 1767 scriptum
2441 1724 2554 1754 recte

177 1776 399 1834 colligitur.
466 1773 518 1818 In
558 1772 664 1817 Ger·
846 1772 981 1816 mania
1017 1787 1113 1817 esse
1154 1773 1374 1831 scriptum,
1412 1785 1500 1815 cum
1539 1770 1619 1814 alia
1648 1769 1841 1829 quaedam
1870 1769 2021 1815 indicia
2048 1774 2247 1832 probant,
2277 1780 2358 1820 tum
2386 1777 2553 1836 glossae

179 1842 452 1888 Germanicae
508 1840 665 1901 passim
845 1840 1065 1895 immixtae,
1096 1854 1135 1883 v.
1167 1854 1202 1882 c.
1230 1839 1265 1882 1.
1296 1838 1385 1882 Sat.
1416 1840 1459 1894 1,
1488 1839 1557 1881 55.
1589 1838 1824 1881 ciathus=
1853 1840 2216 1897 Eindn'nckglase
2244 1843 2317 1895 (ad
2331 1847 2486 1905 marg.)
2513 1862 2552 1890 v.

178 1947 252 1990 u.
289 1955 514 1987 camera:
555 1945 624 1985 ein
651 1943 770 1985 Korb
809 1955 881 1985 use
912 1948 1037 1999 gerte
1072 1947 1219 1998 gemat
1257 1944 1326 1984 cst.
1365 1943 1464 1986 1⁰4.
1503 1954 1693 2000 vappa:
1725 1945 1896 1998 proprie
1919 1946 1977 1995 fit
2004 1946 2236 2000 gebrechen
2261 1949 2355 1989 ves.
2386 1961 2426 1990 ν.
2455 1951 2553 1993 loe.

183 2011 372 2072 spado:
409 2014 477 2053 eiu
511 2016 741 2053 castratus.
777 2010 1206 2054 herniosus:.es'n
1242 2010 1480 2066 gebrooker.
1510 2010 1564 2064 8,
1591 2010 1672 2051 78.
1706 2009 1876 2052 tuber:
1920 2013 1988 2053 ein
2014 2014 2467 2068 geecluoollenfleo‘sch.
2496 2041 2555 2050 —

177 2079 328 2125 Lectio
357 2078 479 2135 hujus
510 2076 667 2120 codicis
695 2091 781 2121 non
809 2075 1023 2121 admodum
1051 2077 1258 2136 probatur.
1314 2075 1439 2121 Hand
1466 2089 1597 2134 pauca
1625 2076 1733 2119 enim
1763 2077 1905 2121 insunt
1930 2079 2076 2122 menda
2103 2094 2192 2123 cum
2219 2081 2264 2123 in
2291 2083 2459 2127 vocibus
2490 2085 2555 2128 vel

177 2147 328 2192 inscite
357 2145 526 2204 scriptis
557 2149 602 2187 et
628 2143 882 2203 depravatis,
919 2144 988 2187 vel
1025 2144 1134 2188 falso
1172 2144 1282 2187 inter
1312 2157 1359 2186 se
1383 2144 1537 2200 junctis
1567 2146 1634 2196 (ut
1659 2143 1729 2199 11,
1755 2147 1798 2188 4.
1827 2148 1897 2191 17.
1927 2146 2052 2190 Sive
2091 2149 2369 2205 spartinus
2399 2152 2554 2205 subito)

177 2220 260 2259 tum
289 2215 333 2257 in
362 2211 542 2271 singulis
573 2211 714 2255 verbis
745 2212 922 2268 totisque
950 2212 1140 2255 versibus
1168 2210 1236 2254 vel
1265 2211 1431 2255 omissis
1460 2210 1528 2255 vel
1556 2212 1834 2274 transpositis.
1893 2213 2038 2272 Spatia
2063 2214 2174 2260 haud
2200 2217 2341 2274 paucis
2368 2217 2472 2263 locis
2489 2220 2556 2264 vel

180 2282 356 2340 sing-ulis
389 2280 527 2324 verbis
557 2279 625 2323 vel
653 2279 752 2323 totis
782 2279 973 2322 versibus
1003 2292 1132 2322 vacua
1167 2277 1312 2322 relicta
1341 2278 1518 2322 scribam
1546 2278 1791 2338 exemplaris
1821 2280 1887 2324 sui
1915 2281 2042 2346 verba
2068 2281 2174 2326 male
2204 2283 2357 2343 scripta
2385 2292 2456 2330 aut
2481 2287 2554 2332 ob-

181 2357 349 2407 scutata¹
371 2349 516 2405 legere
544 2362 627 2391 non
656 2347 844 2405 potuisse
874 2352 1065 2404 arguunt.
1124 2345 1295 2390 Omnino
1324 2345 1392 2389 hic
1418 2345 1524 2391 liber
1550 2361 1636 2389 non
1665 2361 1720 2390 ex
1748 2347 1911 2406 antiquo
1942 2348 2075 2408 aliquo
2104 2350 2235 2395 bonae
2263 2358 2385 2396 notae
2414 2353 2556 2398 codice

180 2415 257 2462 sed
294 2431 349 2461 ex
385 2414 618 2460 recentiore
655 2429 705 2458 ac
741 2413 875 2458 minus
917 2412 1112 2458 laudabili
1147 2412 1376 2474 descriptus
1405 2427 1502 2458 esse
1531 2413 1716 2471 videtur,
1746 2414 1853 2473 quod
1882 2429 1936 2460 ex
1963 2430 2091 2476 prava
2120 2431 2246 2479 saepe
2275 2423 2318 2463 et
2342 2420 2447 2465 male
2474 2421 2558 2467 fida

178 2484 356 2528 lectione
375 2478 606 2542 colligitur.
662 2480 771 2525 Nam
798 2481 844 2524 in
872 2479 1155 2525 describendis
1176 2481 1293 2524 libris
1320 2481 1481 2525 librarii
1507 2487 1673 2541 praeter
1701 2487 1841 2525 cetera
1868 2484 2016 2527 menda
2042 2491 2085 2527 et
2112 2498 2278 2530 errores
2295 2500 2420 2548 saepe
2435 2490 2557 2534 efism

182 2556 407 2595 comente
434 2565 511 2593 sua
538 2564 614 2609 pro
644 2563 747 2594 vera
775 2554 818 2592 et
845 2550 1012 2606 antiqua
1037 2550 1211 2593 lectione
1242 2551 1553 2604 substituerunt,
1583 2565 1708 2606 quare
1739 2557 1782 2593 ut
1810 2552 1977 2608 quisque
2005 2552 2111 2597 liber
2138 2560 2204 2598 est
2230 2558 2556 2613 recentissimus,

182 2620 242 2663 ita
277 2619 470 2676 plurimas
507 2618 742 2676 plerumque
770 2617 964 2661 lectionis
994 2617 1214 2660 varietates
1245 2617 1424 2660 exhibet.
1480 2616 1530 2660 In
1568 2617 1717 2661 ultimis
1752 2617 1848 2662 libri
1873 2617 1931 2664 Π.
1963 2620 2106 2664 satiris
2133 2620 2255 2666 lectio
2279 2624 2408 2670 multo
2436 2626 2557 2670 etim

181 2686 376 2730 vitiosior
404 2691 447 2727 et
474 2685 707 2742 corruptior
746 2699 864 2742 quam
891 2684 936 2727 in
964 2684 1182 2742 prioribus.
1211 2709 1270 2718 —-
1309 2684 1378 2727 Ex
1407 2685 1580 2727 variis
1608 2684 1939 2730 lectionibus
1968 2688 2184 2732 nonnullas
2214 2690 2281 2734 hic
2310 2691 2442 2735 affere
2469 2693 2556 2752 pla·

181 2760 262 2799 cet.
322 2751 359 2796 1.
376 2750 475 2796 Satt
507 2753 550 2806 1,
581 2749 818 2805 14.Quod
844 2751 1064 2796 lassare
1092 2750 1241 2795 valent.
1269 2753 1344 2799 48.
1362 2751 1493 2795 Forte
1522 2752 1672 2796 feras
1703 2752 1886 2801 humero.
1912 2756 1986 2800 49.
2015 2754 2098 2809 Qui
2124 2756 2184 2801 nil
2211 2750 2558 2816 poi-tareth&

182 2821 271 2878 Cur
300 2826 370 2863 tua
398 2819 490 2878 plus
520 2817 721 2860 laudas.
750 2821 824 2862 80.
851 2820 913 2861 At
941 2820 981 2861 si
1024 2820 1324 2863 condoleat.
1352 2823 1426 2866 98.
1453 2821 1759 2865 Extremum
1788 2829 1960 2880 tempus.
1988 2827 2033 2877 2,
2060 2827 2135 2869 ῚΒ.
2161 2826 2323 2868 Desine
2353 2830 2560 2871 sectari

181 2895 470 2933 matronas.
497 2887 545 2940 5,
573 2887 645 2929 62.
673 2885 874 2942 permulta
910 2886 1134 2930 locutus.
1162 2887 1218 2933 H.
1247 2887 1337 2932 Sat.
1366 2891 1411 2942 1,
1441 2891 1509 2933 12.
1542 2886 1741 2947 Cupio,
1770 2896 1889 2947 pater
1917 2890 2087 2948 optime:
2118 2891 2231 2936 vires
2247 2889 2557 2938 destituunt.

179 2958 227 3011 ὅ,
257 2958 326 2999 12.
355 2952 535 3013 Eupoliu
561 2951 914 2996 Archilocho.
944 2954 1014 2995 21.
1046 2951 1135 3006 Quo
1165 2955 1320 2997 faber
1349 2955 1456 2999 ille.
1488 2957 1583 2998 1⁹1.
1613 2955 1790 2999 classem
1821 2956 2085 3000 deducere
2115 2956 2267 3000 Troia.

296 3105 347 3155 4)
374 3101 541 3148 Bru.
569 3111 629 3148 a.
661 3097 843 3149 Codex
871 3099 1237 3145 bibliothecae
1264 3102 1567 3147 Bernensis
1583 3120 1647 3148 nr.
1671 3105 1992 3148 mmembran.
2017 3105 2060 3147 in
2074 3104 2124 3149 4⁰
2138 3103 2259 3150 Sacc.
2275 3103 2391 3150 vm.
2408 3120 2559 3153 exeun-

181 3173 237 3216 tis
266 3167 420 3214 vellx.
438 3168 636 3225 ineuntis,
665 3167 907 3212 charactere
923 3166 1136 3212 Saxonico
1157 3170 1313 3213 minore
1334 3172 1512 3232 scriptus
1531 3172 1618 3230 (qui
1648 3171 1869 3216 aRomano
1891 3177 1933 3216 et
1950 3171 2127 3216 Gothico
2146 3172 2252 3216 hunc
2268 3178 2409 3218 secuto
2425 3176 2559 3221 multis

181 3238 368 3301 partibus
388 3235 567 3292 differt),
607 3237 915 3293 antiquissimus
935 3237 1136 3290 omnium,
1176 3243 1368 3296 quotquot
1391 3239 1522 3283 adhue
1542 3241 1699 3298 cogniti
1715 3247 1823 3284 sunt.
1883 3240 2082 3285 Continet
2119 3240 2350 3286 Horatii·
2370 3242 2560 3290 Garmi-
