2737 3600
1368 147 1434 196 16

322 284 398 338 1⁸1)
426 275 860 326 nm.1.codex
889 278 930 319 1.
961 277 1325 323 bibliothecae
1352 278 1562 338 Regiae
1590 277 1922 324 Dresdensis
1952 278 2299 334 membranaceus,
2328 280 2459 323 inSvo
2487 283 2582 339 maj.

208 351 323 395 corio
353 348 471 392 badio
496 349 628 387 tectus
648 353 690 386 et
719 343 934 401 eleganter
961 344 1134 403 ligatus,
1166 347 1276 406 sign.
1305 347 1361 390 D.
1393 348 1492 390 187.
1522 346 1644 391 Folia
1672 350 1712 390 1.
1743 350 1785 389 et
1810 347 1852 390 2.
1882 344 2066 406 praefixa
2080 343 2236 388 indices
2252 345 2405 390 habent
2418 347 2583 408 ecloga-

207 432 294 460 rum
320 413 595 457 arecentiore
614 425 733 454 manu
753 410 857 453 male
878 411 1074 466 scriptos.
1133 413 1183 455 In
1211 415 1366 471 pagina
1395 429 1545 456 aversa
1562 415 1664 457 haec
1693 415 1906 471 leguntur:
1945 415 2017 455 Es
2033 414 2279 455 bibliotheca
2294 415 2585 459 Rauen-dena.

208 482 358 526 Amcd.
392 480 595 523 emendet
620 479 894 521 Bononiensis
931 476 1067 521 Hm.
1104 479 1276 523 Jonatk.
1314 481 1466 537 clodig
1494 482 1606 525 Bibl.
1634 482 1800 538 Regiae
1828 487 1873 524 et
1900 481 2137 525 Πισαίου-οἰδ
2150 481 2394 536 Praefectus
2420 496 2586 540 conspa-

206 553 318 593 ram't
345 548 472 590 1755.
534 546 616 589 Hic
644 546 750 588 liber
776 547 835 587 84
861 544 976 587 foliis
1006 549 1221 600 constans,
1252 546 1327 588 sed
1355 546 1513 589 lacunis
1546 562 1571 590 a
1596 548 1671 592 fol.
1700 551 1756 593 41
1773 571 1823 580 —
1843 551 1902 593 00
1917 550 2170 592 etw-—Sz
2186 549 2454 592 arecentiore
2469 564 2587 594 mann

205 616 405 676 suppletis
438 629 604 674 opera
632 613 852 657 Horatii
881 612 1048 655 omnia
1091 613 1274 655 continet
1301 613 1381 655 hoc
1411 613 1578 658 ordinet
1621 614 1840 658 odarum
1878 616 1961 659 lib.
1998 615 2180 661 l—rv.
2239 615 2456 675 Epodon
2497 618 2585 661 lib.

209 684 440 730 Carmen
471 696 609 726 saec.
627 681 734 725 Ars
764 680 994 740 poetica.
1053 678 1288 738 Sequuntur
1316 678 1614 738 Epistolae
1644 681 1718 724 fol.
1758 684 1813 726 41
1831 685 1958 727 ——oo
1975 698 2001 727 a
2019 685 2249 728 recentiore
2263 698 2382 728 mann
2398 684 2588 745 scriptae.

209 753 320 796 Tum
340 750 433 797 Sat.
472 750 519 805 1,
552 754 593 795 l.
623 749 718 806 (fol.
765 753 819 793 ol
852 751 1023 802 averso)
1055 772 1109 782 —
1138 747 1281 792 nsat.
1319 751 1375 803 4,
1402 749 1473 790 25.
1501 746 1678 790 Lacuna
1704 749 1802 792 inde
1834 764 1962 808 usque
1992 751 2044 795 ad
2073 752 2130 796 11.
2161 751 2251 796 Sat.
2288 755 2333 808 Ἰ,
2361 755 2415 795 ⁷1
2447 751 2587 796 eadem

206 824 362 865 recent.
411 832 532 862 manu
572 817 771 878 suppleta.
799 816 973 875 Reliqua
1001 830 1027 860 a
1055 815 1146 861 Sat.
1174 815 1242 872 11,
1278 816 1337 872 7,
1375 816 1433 859 72
1452 838 1509 847 —
1525 813 1614 858 Sat.
1643 817 1673 858 8
1711 819 1818 861 extr.
1858 817 1902 860 in
1938 817 2040 862 folio
2068 821 2141 863 84.
2200 819 2441 865 Membrana
2466 820 2587 879 hujus

207 888 363 932 codicis
392 891 567 946 propter
595 889 839 928 vetustatem
868 890 909 927 et
937 899 1053 927 usum
1082 885 1202 927 fusca
1231 889 1273 926 et
1303 881 1481 926 sordida.
1541 881 1758 941 Scriptura
1773 883 1939 938 minuta,
1972 885 2047 927 sed
2066 887 2169 929 satis
2185 887 2372 946 elegans,
2402 893 2591 932 accurata

207 963 250 1000 et
278 954 479 1013 aequalis,
507 954 735 997 litterarum
766 952 884 995 ductu
914 952 1115 1010 anguloso
1146 957 1188 995 et
1215 952 1308 1011 ipsa
1335 950 1557 994 litterarum
1587 950 1721 993 forma
1750 954 1791 992 et
1813 950 2064 1008 compendiis
2094 953 2295 1012 sigllaque
2325 956 2589 1000 saeculum

207 1023 308 1067 XII.
345 1022 508 1082 prodit,
553 1022 618 1064 cui
648 1020 780 1063 codex
809 1020 1053 1063 attribuitur.
1113 1020 1276 1062 Lineae
1306 1024 1571 1061 transversae
1599 1031 1675 1076 per
1704 1031 1844 1060 omnes
1873 1018 2049 1076 paginas
2080 1019 2175 1062 stilo
2206 1021 2365 1079 ductae,
2394 1025 2590 1081 utrimwe
2675 1043 2680 1047 ·

210 1092 319 1133 binis
349 1090 472 1132 lineis
502 1087 905 1146 perpendicularibus
935 1087 1190 1140 terminatae,
1220 1099 1367 1128 versus
1397 1086 1441 1127 in
1471 1084 1645 1142 singulis
1676 1085 1841 1142 paginis
1865 1084 2160 1146 whcludunt,
2191 1087 2387 1132 columnis
2401 1103 2591 1133 versuum

208 1159 301 1202 fere
343 1155 614 1216 simplicibus,
655 1153 791 1197 rarius
831 1153 875 1196 in
903 1153 1068 1213 paginis
1099 1152 1251 1211 aliquot
1278 1151 1454 1212 Epodon
1484 1150 1726 1210 duplicibus.
1753 1150 2034 1195 Atramentum
2062 1166 2086 1195 o
2115 1152 2238 1211 nigro
2268 1155 2440 1201 fuscum.
2495 1157 2590 1201 Lit-

211 1232 326 1269 terae
354 1222 531 1267 initiales
559 1235 751 1264 versuum
780 1235 922 1264 omnes
950 1221 1114 1279 nigrae,
1146 1220 1220 1263 sed
1249 1219 1484 1278 eclogarum
1498 1219 1640 1274 rubro,
1669 1218 1809 1275 viridi,
1840 1219 2031 1263 coeruleo
2056 1219 2194 1264 colore
2209 1221 2361 1280 pictae.
2392 1222 2591 1270 Glossa

211 1295 320 1337 inter
355 1292 487 1337 lineas
527 1290 630 1333 satis
668 1289 865 1346 frequens
896 1293 938 1332 et
977 1288 1189 1332 scholia
1218 1287 1325 1331 haud
1353 1301 1485 1347 pauca
1513 1286 1566 1330 ad
1593 1287 1820 1346 marginem
1849 1286 2073 1347 adscripta,
2101 1288 2249 1349 partim
2278 1288 2446 1334 eandem
2476 1306 2591 1350 quam

210 1366 372 1415 textus,
403 1362 578 1401 aetatem
611 1371 664 1400 ac
693 1358 784 1400 fere
828 1356 998 1400 eandem
1026 1371 1186 1400 manum
1214 1370 1315 1416 prae
1345 1370 1392 1399 se
1422 1356 1578 1411 ferunt,
1605 1357 1752 1415 partim
1781 1356 2014 1399 recentiora
2042 1357 2180 1400 varias
2211 1362 2253 1402 et
2279 1372 2421 1402 manus
2451 1364 2494 1402 et
2522 1374 2591 1403 ae-

209 1434 317 1472 tates
345 1426 536 1487 produnt.
596 1424 774 1468 Tituli
804 1425 980 1483 singulis
1008 1424 1127 1468 libris
1158 1430 1200 1467 et
1229 1423 1388 1483 eclogis
1417 1424 1650 1483 plerisque,
1679 1438 1762 1467 non
1791 1425 1991 1480 omnibus,
2023 1438 2049 1467 a
2075 1427 2308 1470 recentiore
2336 1441 2455 1470 manu
2484 1428 2591 1470 litte-

207 1498 269 1541 ris
299 1495 546 1549 uncialibus,
573 1491 726 1552 pallido
755 1497 1000 1547 atramento,
1031 1498 1073 1535 et
1099 1493 1144 1536 in
1174 1492 1463 1550 supplementis
1492 1492 1752 1550 praescripti.
1808 1492 2062 1535 Litterarum
2090 1493 2302 1536 initialium
2330 1495 2538 1538 columnae
2568 1509 2595 1537 a

208 1568 324 1608 textu
354 1562 600 1621 aliquantum
629 1559 831 1603 distantes
863 1559 1086 1619 simplicem
1114 1558 1330 1603 uncialium
1359 1558 1467 1602 illius
1498 1558 1646 1602 aetatis
1677 1557 1836 1603 ductum
1863 1559 2026 1605 habent.
2083 1559 2274 1604 Litterae
2302 1561 2481 1606 minores
2498 1575 2592 1620 qua-

210 1632 353 1675 dratae
392 1635 435 1672 et
474 1629 715 1687 angulosae.
754 1643 777 1670 r
814 1632 858 1669 et
894 1629 916 1669 s
937 1628 1049 1669 infra
1085 1628 1235 1670 lineam
1272 1641 1467 1685 nusquam
1497 1627 1761 1670 descendunt.
1794 1627 1822 1669 δ
1848 1627 2062 1670 rotundum
2089 1628 2345 1687 plerumque,
2390 1629 2417 1672 d
2444 1630 2595 1674 rarius.

208 1715 232 1743 r
262 1704 306 1743 et
330 1709 355 1742 t
381 1697 629 1758 promiscue.
658 1696 682 1739 s
704 1695 873 1754 longum
903 1700 945 1738 et
971 1695 1015 1738 in
1052 1693 1134 1738 fine
1162 1709 1328 1750 vocum,
1360 1694 1524 1753 saepius
1553 1699 1687 1738 tamen
1718 1709 1738 1737 s
1767 1695 1811 1738 in
1839 1694 1920 1737 fine
1949 1699 1993 1738 et
2021 1709 2041 1738 s
2071 1696 2390 1756 superscriptum
2418 1697 2539 1753 (sin).
2572 1711 2596 1739 u

212 1767 353 1811 littera
379 1765 543 1823 ubique,
587 1777 672 1807 non
699 1778 739 1808 v.
769 1777 790 1806 s
819 1762 941 1807 finale
968 1763 1124 1822 passim
1152 1762 1388 1821 productum
1417 1756 1534 1817 (va)
1564 1768 1606 1807 et
1633 1776 1687 1817 m,
1716 1762 1795 1806 hoc
1824 1761 1944 1806 modo
1974 1774 2067 1808 )-—(.
2095 1763 2293 1807 Litterae
2306 1765 2484 1822 majores
2498 1780 2594 1824 pas·

215 1835 294 1880 sim
322 1833 463 1878 verbis
493 1831 784 1887 immiscentur,
816 1831 883 1889 qui
911 1845 999 1875 mos
1031 1829 1082 1874 ad
1111 1844 1223 1874 saec.
1251 1828 1351 1874 XII.
1380 1844 1508 1889 usque
1537 1830 1581 1875 in
1609 1843 1709 1875 mss.
1721 1829 1927 1888 reperitur
1947 1828 2160 1887 (deonvn,
2188 1824 2372 1886 uideni).
2427 1831 2595 1893 Duplex

216 1919 237 1946 ι
263 1902 497 1962 plerumque
527 1903 696 1942 accentu
723 1902 905 1942 notatum
933 1897 1085 1952 (abst,
1116 1896 1232 1952 alii,
1262 1896 1442 1954 uiciis,
1472 1896 1740 1957 propriis)
1771 1897 1944 1957 simplex
1974 1913 1993 1941 ι
2020 1898 2170 1943 rarius.
2201 1912 2259 1941 ae
2289 1903 2331 1942 et
2360 1913 2419 1943 oe
2448 1900 2595 1958 ubique

212 1984 288 2029 per
301 1984 341 2024 e,
356 1969 492 2012 rarius
510 1983 554 2033 q,
584 1965 627 2009 de
657 1966 749 2009 fere
777 1979 986 2023 nusquam.
1042 1965 1215 2008 Numeri
1229 1965 1384 2024 passim
1414 1966 1549 2023 signis
1578 1965 1724 2019 notati,
1753 1963 1852 2010 1111.
1873 1979 1950 2024 pro
1967 1970 2150 2023 quatuor.
2180 1991 2235 1999 -
2266 1965 2597 2027 Compendia

211 2034 488 2080 scribendi
532 2032 673 2076 eadem
719 2034 842 2084 fere,
887 2046 990 2088 quae
1032 2033 1077 2075 in
1121 2032 1213 2074 aliis
1257 2046 1359 2076 mss.
1404 2034 1494 2089 ejus
1539 2032 1707 2075 saeculi.
1753 2030 1796 2073 ὦ
1824 2045 1901 2088 pro
1946 2038 2009 2075 et.
2049 2027 2091 2087 ὃ,
2119 2041 2189 2079 -ξ-
2223 2047 2299 2093 pro
2339 2039 2447 2088 est,
2476 2036 2597 2077 etin

211 2102 396 2147 scholiis.
426 2114 449 2143 o
477 2115 554 2160 pro
586 2114 700 2156 con,
729 2098 840 2158 siglo
868 2101 899 2142 0
925 2098 1143 2144 vetustius.
1182 2122 1240 2131 —
1283 2098 1758 2158 Interpunctionis
1805 2099 1964 2156 signa
1990 2104 2180 2158 punctum
2207 2100 2339 2158 majus
2369 2104 2412 2143 et
2437 2101 2596 2154 minus;

212 2169 438 2215 semicolon
466 2168 511 2225 (ς
526 2167 593 2223 β)
622 2166 837 2224 frequens,
865 2165 1086 2225 praecipue
1100 2170 1197 2226 post
1226 2166 1413 2226 singulos
1423 2180 1588 2221 versus,
1617 2163 1895 2225 distinguendi
1908 2180 2074 2224 caussa,
2103 2167 2205 2211 utin
2218 2166 2346 2211 Dess-
2359 2168 2390 2211 8
2403 2169 2488 2222 (nr.
2502 2169 2594 2223 14).

211 2239 386 2297 Signum
414 2238 619 2294 interrog.
638 2234 812 2293 vulgare
842 2235 943 2289 (τ’)
971 2257 1029 2267 -
1058 2233 1466 2294 orthographia
1493 2247 1671 2277 vocum
1702 2233 1857 2277 saeculi
1883 2233 1980 2279 ΧΠ.
2012 2235 2202 2279 exeuntis
2218 2240 2297 2279 est.
2353 2235 2595 2280 Accusativi

211 2312 305 2350 tert.
328 2304 612 2348 declinationis
642 2302 686 2345 in
717 2316 772 2345 es
804 2315 982 2361 semper,
1010 2301 1055 2344 in
1084 2302 1131 2343 is
1161 2301 1253 2344 fere
1280 2316 1480 2361 nunquam
1508 2302 1790 2346 terminantur.
1819 2316 1847 2345 u
1875 2307 1972 2361 post
2000 2317 2042 2358 v,
2071 2316 2154 2346 non
2184 2317 2209 2346 o
2239 2302 2449 2359 (vultis,
2478 2301 2597 2349 Vul-

212 2387 397 2427 canus,
437 2371 668 2428 vulnus).
726 2369 946 2429 Jupiter
983 2368 1244 2428 plerumque,
1282 2369 1532 2429 Juppiter
1573 2383 1685 2415 raro.
1724 2369 1998 2427 quicquid,
2029 2371 2321 2429 quicquam,
2351 2384 2598 2429 umquam,

211 2455 494 2500 numquam,
526 2452 753 2497 cumque,
784 2435 1109 2493 tantundem,
1139 2434 1305 2494 milia,
1335 2452 1578 2494 nummus,
1609 2452 1816 2494 succus,
1846 2442 2022 2494 carta,
2052 2443 2236 2498 urget,
2276 2440 2455 2498 ungit,
2484 2453 2599 2499 per-

214 2514 440 2553 cunctor
466 2512 583 2562 (raro
599 2508 935 2567 percontor),
960 2504 1226 2563 jucundus
1257 2505 1477 2563 (jocundus
1497 2505 1751 2565 inEpodis),
1780 2506 1949 2562 thura,
1981 2508 2284 2566 sepulcrum
2312 2508 2404 2564 (—
2425 2508 2601 2552 chrum

214 2577 398 2631 rarius),
426 2576 765 2634 nequiquam,
796 2573 980 2629 belua,
1011 2573 1245 2629 totienS,
1273 2573 1422 2630 litus,
1462 2573 1661 2618 littora
1690 2577 1733 2617 et
1757 2573 1952 2631 litora,
1982 2574 2161 2632 Affri,
2192 2574 2436 2631 Affrica‚
2465 2574 2600 2620 hand

215 2651 258 2688 et
285 2645 427 2697 haut,
457 2644 605 2685 velut
632 2648 675 2685 et
703 2642 874 2697 velud,
904 2642 1060 2699 Appi,
1090 2641 1156 2695 di,
1186 2641 1286 2696 dis,
1317 2641 1553 2701 etAppH,
1585 2641 1816 2698 Claudii,
1848 2642 1936 2685 dii.
1991 2643 2597 2701 Litteraeietytemcrecon-

212 2710 460 2754 funduntur:
501 2709 749 2768 hyemps,
779 2709 959 2767 tybia,
991 2707 1257 2765 Tyberis,
1287 2708 1472 2765 Ylion,
1502 2710 1744 2767 yambus‚
1785 2709 1976 2769 egyda,
2019 2709 2247 2770 pelyon,
2277 2709 2597 2767 hyrcus,'ci-

214 2779 382 2839 clops,
414 2776 680 2836 sisiphus,
709 2776 834 2833 lide,
862 2776 1003 2836 lyde,
1032 2775 1184 2832 licus,
1213 2776 1380 2835 lycus.
1439 2777 1607 2823 Littera
1634 2778 1662 2822 h
1690 2782 1844 2822 temere
1873 2777 2093 2822 additavel
2122 2778 2292 2832 omissa,
2320 2777 2602 2837 praecipuein

211 2862 320 2891 nom.
359 2860 513 2907 propr:
544 2844 801 2905 protheus
841 2858 1028 2905 semper,
1057 2844 1362 2906 nothus'pro
1402 2852 1589 2903 notus,
1628 2847 1761 2891 hora
1797 2861 1873 2906 pro
1904 2860 2021 2902 ora,
2050 2846 2286 2890 horchus
2315 2859 2392 2905 pro
2422 2858 2599 2902 orcus,

213 2917 404 2971 honus,
431 2913 616 2969 holus,
656 2912 929 2968 habunde,
971 2912 1154 2969 archa,
1193 2915 1454 2971 archana,
1484 2915 1768 2971 cohercet,
1797 2914 1978 2970 michi,
2007 2914 2178 2957 nichil
2206 2915 2428 2974 (semper),
2457 2918 2601 2958 contra

215 2989 439 3039 actenus
479 2996 557 3043 pro
595 2982 876 3026 hactenus.
909 2979 1097 3038 jlittera
1134 2987 1227 3027 ante
1255 2984 1272 3027 i
1299 2983 1532 3044 plerumque
1573 2984 1731 3043 ejecta,
1772 2982 2071 3038 obiciebat,
2108 2981 2320 3038 iniciat,
2365 2980 2601 3033 deicere,

214 3053 478 3111 proicere.
519 3055 666 3095 contra
702 3064 729 3109 p
759 3050 870 3093 inter
905 3062 1010 3104 mn,
1050 3062 1149 3104 ms,
1187 3056 1252 3094 mt
1277 3052 1510 3111 plerumque
1539 3052 1737 3096 insertum
1767 3066 1779 3094 ι
1807 3055 2027 3110 tempno,
2057 3049 2340 3110 dampnum,
2369 3049 2602 3111 hyemps,

217 3127 435 3179 emptor,
467 3123 718 3179 sumptus.
777 3116 1005 3161 Litteram
1026 3121 1122 3162 ante
1150 3118 1192 3174 b,
1211 3134 1255 3178 p,
1284 3135 1339 3175 m,
1367 3135 1412 3176 n,
1441 3121 1738 3165 innmutatur:
1768 3119 1997 3175 menbra,
2027 3118 2323 3174 menbrana,
2351 3118 2604 3175 rhonbus,

215 3187 405 3232 lonbos
443 3189 539 3248 (pro
569 3186 748 3242 lumbos)
777 3185 960 3246 inpar,
990 3184 1276 3245 inperium,
1305 3188 1536 3247 inpetus,
1565 3188 1908 3248 inportunus,
1935 3186 2159 3247 inpello,
2189 3185 2467 3247 inpudens,
2498 3187 2603 3232 sin-
