2737 3600
1308 139 1381 189 2,

168 275 338 319 ram
365 276 418 318 ab
445 277 685 334 eloquentia
711 273 911 318 laudat.“
942 271 1080 316 Gott.
1110 273 1151 314 1.
1177 271 1325 317 ιιι-οι.
1360 271 1396 314 1.
1435 271 1513 315 od.
1541 274 1585 314 e.
1613 255 1858 329 Alloquitur
1883 274 2066 329 Lydcan
2102 276 2365 316 metm
2391 274 2532 327 (mer.

57 380 72 396 ,
161 342 282 387 deest
306 344 351 388 in
376 344 519 398 Flor.)
546 359 601 387 ne
628 348 674 386 s'n
703 344 899 397 Sybaren
927 343 1235 389 adelmum
1261 341 1443 383 erudeli·
1468 343 1541 387 sit,
1571 338 1710 388 Gott.
1738 344 1778 384 1.
1806 341 1949 385 Flor.
1995 339 2229 385 Glossae
2257 341 2369 386 mr
2395 340 2529 385 lineas

160 415 206 456 et
231 412 437 457 scholia
473 411 528 457 ad
562 410 788 468 marginem
817 422 873 453 ex
900 407 1076 466 antiquis
1093 406 1347 464 scholiastis,
1373 405 1541 453 Acrone
1563 408 1828 469 potissimum,
1858 409 2092 470 plerunque
2113 415 2263 467 sumta,
2292 408 2438 453 eodem
2466 409 2529 469 pi·

160 484 325 538 gmento
353 492 558 540 purpureo
575 482 707 534 ,atque
736 475 877 521 eadem
916 489 1061 531 manu,
1091 489 1169 533 qua
1194 476 1278 535 ipsi
1305 490 1467 531 versus,
1497 477 1661 535 scripta,
1691 478 1735 519 in
1761 477 1935 535 Lyricis
1964 491 2102 534 usque
2120 478 2332 536 αεὶ-ΕΜ.
2361 481 2405 522 0.
2434 491 2530 536 per-

161 547 285 592 multa
310 548 537 606 leguntur,
556 545 600 586 in
627 544 734 586 Arte
754 550 872 603 poet.
891 544 945 588 ,in
973 543 1171 603 Epistolis
1202 549 1246 587 et
1257 543 1520 593 Semonibus
1540 545 1640 588 'fere
1667 545 1778 588 nulla
1806 549 2020 602 apparent,
2048 550 2332 603 praeterqua-
2361 544 2414 588 ad
2435 543 2529 589 Sat.

157 613 292 669 11‚·s,
317 616 417 657 254.
447 612 635 656 scholion
663 626 719 655 ex
745 612 927 655 Acrone.
986 611 1072 655 Sed
1099 625 1241 670 margo
1268 613 1313 658 in
1339 613 1479 671 priore
1506 613 1603 656 libri
1628 618 1746 671 parte
1774 627 1830 656 ex-
1855 612 2023 655 humore
2051 612 2236 657 madidus
2266 612 2362 657 olim
2390 612 2528 657 factus

159 685 242 736 est,
270 678 376 724 unde
411 679 636 725 litterarum
675 679 811 723 rubor¹
837 679 984 738 partim
1028 680 1200 725 evanuit.
1241 705 1294 713 —
1343 679 1636 739 Scriptura·
1662 680 1783 737 hujus
1827 678 1982 722 codicis
2011 680 2235 738 aequabilis
2265 684 2308 723 et
2336 684 2530 723 accurata

159 760 271 791 saec.
297 744 393 792 XV.
424 746 590 791 circiter
616 746 739 790 medii
767 751 833 790 est
859 751 902 790 et
928 746 1229 791 similitudinem
1251 747 1422 804 aliquam
1450 752 1638 805 typorum
1665 747 1710 789 in
1737 747 2029 789 vetustissimis
2043 747 2160 789 libris
2173 748 2289 805 prelo
2309 748 2529 806 expressis

159 814 306 857 refert.
362 812 529 859 Littera
555 814 571 856 i
598 813 828 872 plerumque
855 819 1003 873 puncto
1031 820 1185 869 notata,
1214 819 1383 858 accentu
1413 813 1489 869 (ί)
1518 814 1668 860 rarius.
1697 828 1734 855 ω
1764 827 1955 870 graecum
1969 827 2045 871 pro
2071 814 2366 871 hterjectione
2388 828 2414 858 o
2429 827 2528 873 pas·

161 880 262 943 sim3
300 893 359 924 ae
387 884 430 923 et
457 894 515 924 oe
545 880 783 940 diphthongi
811 882 1041 941 plerumque
1071 887 1268 941 apparent
1295 881 1605 937 (Maecenas
1637 882 1820 938 semper)
1850 895 1925 938 per
1956 880 2062 923 evel
2089 882 2267 945 gratius
2284 894 2528 939 expressae.

160 946 319 1006 Sigla
347 952 399 991 et
426 948 736 1008 compendia
764 950 1072 1008 scripturae
1100 963 1231 1008 pauca
1259 954 1302 992 et
1328 954 1440 1000 nota.
1473 949 1513 991 b·
1543 948 1573 990 i.
1604 960 1642 1003 q.
1672 948 1783 1001 bus,
1815 947 1941 1001 Yet,
1972 947 2039 988 ·N·
2070 948 2220 990 enim.
2252 972 2307 981 —
2337 949 2527 994 Ortho-

159 1015 391 1075 graphia
427 1030 607 1061 vocum
644 1018 806 1076 antiqua
841 1018 1097 1077 plerumque·
1135 1016 1411 1076 Iuppiter,
1450 1013 1677 1070 Hadria,
1717 1012 1920 1072 Tybur,
1965 1012 2222 1091 Tyberios,
2252 1019 2529 1075 temptare,

162 1083 353 1140 sydus,
391 1084 598 1139 loetum,
641 1086 911 1142 lachryma
950 1091 1044 1128 cett.
1073 1085 1227 1128 Aecus.
1263 1083 1341 1126 111.
1382 1083 1485 1125 decl.
1514 1083 1558 1124 in
1596 1083 1644 1124 is
1674 1082 1934 1138 frequentes,
1966 1080 2041 1123 sed
2069 1082 2225 1139 passim
2255 1085 2445 1126 correcti.
2474 1109 2529 1117 —

160 1148 285 1197 Hunc
307 1150 451 1195 librum
478 1165 534 1196 ex
559 1151 679 1196 ltalia
707 1151 801 1195 olim
831 1165 929 1195 esse
957 1151 1182 1207 advectum,
1228 1164 1283 1193 ex
1309 1150 1580 1210 inscriptione
1609 1153 1853 1191 transversa
1880 1148 1932 1191 ad
1960 1150 2187 1206 marginem
2213 1149 2308 1192 folii
2337 1150 2530 1193 secundi·

161 1219 234 1261 Es·
265 1220 357 1262 libr.
380 1220 531 1275 congr.
558 1220 607 1265 S.
627 1221 771 1262 Maure·
790 1222 963 1261 Romae.
993 1212 1213 1276 colligitur.
1273 1218 1360 1262 Sed
1387 1219 1431 1260 in
1457 1218 1580 1260 Italia
1607 1230 1705 1260 esse
1735 1218 1944 1274 scriptum,
1973 1231 2057 1260 non
2085 1203 2395 1273 affirmaverim,
2426 1219 2535 1276 quod

161 1298 318 1329 manum
355 1285 538 1329 Italicam
575 1285 781 1330 desidero.
821 1309 877 1318 ·—
921 1285 962 1328 L
975 1286 1115 1328 ectio
1153 1285 1274 1341 hujus
1312 1283 1468 1327 codicis
1504 1289 1619 1327 recta
1645 1283 1902 1343 plerumque,
1931 1298 2034 1342 pura
2062 1288 2106 1326 et
2135 1283 2349 1327 emendata
2377 1286 2535 1345 antiqui

161 1353 434 1413 exemplaris,
471 1353 577 1396 unde
604 1354 748 1408 fluxit,
788 1353 976 1395 virtutem
1017 1352 1210 1394 declarat.
1267 1350 1422 1393 Eadem
1451 1351 1557 1408 quod
1584 1365 1667 1393 non
1695 1352 1740 1393 in
1767 1351 1893 1393 titulis
1926 1350 2071 1405 solum,
2101 1350 2177 1394 sed
2204 1352 2355 1395 multis
2368 1368 2533 1412 quoque

160 1427 404 1479 poematum
413 1421 518 1463 locis
547 1435 637 1466 cnm
664 1421 906 1463 Florentina
932 1419 1114 1464 Laudini
1143 1434 1181 1461 a.
1212 1420 1323 1461 1482
1352 1419 1576 1477 conspirat,
1605 1419 1687 1461 etsi
1713 1419 1758 1461 in
1785 1419 1919 1461 multis
1950 1417 2105 1473 differt,
2135 1433 2379 1463 communem
2393 1426 2531 1466 tanen

162 1487 371 1545 utriusque
399 1487 553 1531 fontem
580 1487 730 1543 fuisse,
757 1486 1024 1547 probabiliter
1053 1490 1234 1529 statuere
1261 1484 1457 1529 videmur.
1514 1484 1584 1528 Ex
1606 1486 1701 1543 ejus
1744 1486 1988 1529 lectionibus
2017 1486 2231 1531 nonnullas
2261 1487 2414 1531 afferre
2442 1489 2531 1547 pla-

162 1558 251 1598 cet.
278 1553 315 1597 1.
348 1553 424 1598 od.
453 1556 504 1611 1,
543 1556 584 1598 7.
615 1554 735 1598 Hunc
762 1555 804 1598 si
831 1555 1090 1601 nobilium
1119 1555 1199 1612 (ita
1225 1553 1364 1608 Flor.)
1408 1553 1460 1597 ad
1487 1567 1617 1612 marg.
1644 1554 1924 1599 mobilium.
1952 1556 1997 1609 2,
2025 1556 2068 1598 2.
2096 1555 2257 1598 rubenti
2285 1556 2363 1606 (ita
2390 1557 2531 1609 Flor.)

164 1621 241 1665 sed
267 1635 292 1665 e
321 1636 530 1681 superscr.
558 1626 613 1678 7,
650 1626 721 1666 81.
751 1624 889 1682 pellite
934 1636 1116 1666 curam.
1145 1626 1199 1676 0,
1231 1626 1300 1666 14.
1359 1620 1490 1674 Quem
1517 1622 1636 1665 fors
1665 1622 1783 1677 (sors
1812 1622 1965 1677 Flon).
1995 1625 2065 1677 12,
2093 1625 2164 1666 28.
2191 1622 2322 1666 Stella
2349 1625 2531 1672 refulsit.

163 1703 252 1733 var.
279 1688 495 1735 lect-add.
533 1689 721 1735 sidera
757 1691 973 1749 fulgent
1007 1690 1089 1745 (ita
1107 1688 1259 1744 'Flor.)
1300 1687 1376 1733 sed
1417 1689 1579 1748 punctis
1607 1694 1761 1733 notata.
1790 1688 1846 1733 11.
1877 1688 1954 1733 Od.
1985 1691 2064 1745 18,
2104 1691 2176 1733 28.
2206 1690 2409 1750 sedesque
2448 1691 2531 1737 de-

164 1757 421 1818 scriptas.
449 1761 508 1803 40
535 1758 749 1803 timidas
781 1784 834 1792 —
862 1759 1006 1819 lyncas
1036 1758 1118 1815 (sic
1144 1757 1281 1813 Flor.)
1310 1760 1381 1814 17,
1410 1759 1480 1800 22.
1512 1755 1812 1801 Consensit
1840 1762 2004 1801 astrum.
2031 1760 2102 1813 20,
2129 1759 2173 1800 8.
2194 1772 2292 1801 nec
2320 1760 2533 1805 interris.

162 1824 350 1871 III-011.
379 1829 434 1882 8,
461 1828 533 1869 55.
573 1827 967 1870 debacchantur
1000 1828 1138 1884 ignes.
1168 1829 1248 1880 11,
1290 1827 1361 1867 52.
1392 1826 1574 1883 scalpe
1610 1827 1813 1882 querelam
1843 1827 2005 1883 (sculpe
2031 1826 2168 1880 Flor.)
2199 1830 2270 1880 16,
2301 1830 2371 1871 17.
2400 1828 2532 1872 Cres-

164 1897 322 1936 centem
350 1894 669 1951 insequitur.
700 1898 771 1948 10,
800 1896 868 1935 27.
896 1893 1082 1936 Rhode
1110 1891 1262 1947 (Chloe
1290 1892 1426 1944 Flor.)
1454 1895 1536 1946 27,
1559 1895 1633 1936 48.
1653 1907 1815 1935 cornua
1842 1893 1981 1935 tauri
2009 1893 2093 1946 (sic
2120 1892 2273 1948 Flor..)
2302 1897 2378 1949 28,
2405 1899 2450 1939 6.
2480 1901 2534 1939 et

166 1960 309 2008 veluti.
336 1963 410 2016 20,
439 1964 510 2005 64.
565 1961 851 2005 Auraferat.
880 1959 1615 2015 IV.0d.12,11.De1ectanto
1645 1958 1776 2004 deum.
1793 1957 1925 2018 Epod.
1953 1957 1991 2014 I,
2019 1960 2091 2003 84.
2121 1960 2420 2020 autperdam
2448 1978 2532 2007 ne-

163 2042 273 2087 pos.
301 2031 348 2084 5,
376 2031 446 2072 87.
476 2028 712 2072 Exsucta
739 2030 810 2073 uti.
836 2029 908 2072 65.
941 2028 1366 2071 munusinfectum.
1397 2027 1430 2071 1.
1448 2026 1537 2071 Sat.
1566 2026 1604 2082 Ι,
1633 2029 1703 2071 62.
1728 2027 1865 2069 tanti
1894 2027 2028 2085 quia.
2058 2029 2129 2070 84.
2159 2032 2210 2070 te
2241 2029 2532 2075 salvumJI.

165 2095 255 2140 Sat.
285 2099 327 2151 1,
354 2096 397 2139 5.
428 2095 537 2149 Quid
563 2096 736 2151 faciam,
772 2096 1074 2155 perscribe.
1101 2097 1174 2140 78.
1205 2094 1328 2138 Cum
1355 2095 1426 2137 illo
1457 2094 1659 2136 discincti.
1686 2096 1756 2136 70.
1786 2083 2100 2137 diffindere.
2129 2097 2174 2149 2,
2201 2098 2273 2140 27.
2302 2110 2403 2140 ιιοιι
2432 2112 2528 2141 ves·

164 2164 288 2208 ceris.
315 2166 386 2207 28.
415 2168 532 2207 cocto
568 2178 668 2207 non
696 2163 826 2207 adest.
856 2165 955 2207 121.
984 2167 1077 2206 tunc
1104 2163 1294 2222 pensilis.
1323 2164 1368 2217 8,
1397 2165 1438 2205 1.
1480 2161 1538 2206 Si
1565 2175 1688 2205 raro
1720 2161 1884 2205 scribis.
1912 2165 1984 2206 00.
2012 2163 2229 2221 patrimoni
2257 2164 2527 2223 sculpere.

165 2229 222 2275 11.
249 2230 330 2291 Ep.
359 2233 404 2287 1,
431 2232 502 2274 78.
533 2244 590 2274 ac
618 2231 811 2290 praemia.
838 2232 884 2286 2,
910 2231 981 2273 82.
1014 2234 1184 2274 ornatur
1211 2229 1419 2289 opimis.

276 2366 355 2418 27)
384 2363 532 2421 Εἰς.
564 2364 619 2410 8.
669 2362 854 2408 Codex
881 2367 922 2408 2.
957 2363 1325 2407 bibliothecae
1352 2361 1691 2407 academicae
1715 2361 2095 2422 Gottingensis
2127 2379 2269 2411 saec.
2299 2365 2534 2413 XV.mem-

165 2432 392 2476 brauaceus
419 2432 465 2475 in
491 2434 565 2475 8η
594 2432 689 2476 ιιιίιι.
716 2434 774 2476 00
791 2432 956 2475 circiter
970 2431 1085 2474 foliis
1106 2436 1301 2475 constans
1331 2430 1533 2488 (numeris
1549 2431 1656 2475 enim
1672 2431 1834 2489 signata
1851 2445 1934 2473 non
1953 2433 2064 2487 sunt)
2092 2432 2312 2477 Horatii
2341 2449 2535 2480 sermo·

164 2513 277 2542 num
302 2498 475 2542 libros
497 2492 560 2545 11.
590 2504 672 2542 tum
698 2497 1066 2558 Epistularum
1093 2497 1358 2542 librosll.
1389 2499 1585 2553 continet,
1615 2499 1781 2542 exclusa
1807 2498 1911 2541 Arte
1939 2500 2114 2557 poetica.
2142 2514 2180 2543 a.
2200 2503 2538 2547 1784abultima

165 2566 374 2625 Hesperia
402 2566 456 2617 (i.
485 2580 523 2610 e.
549 2566 781 2625 Hispania?
823 2567 859 2611 1.
891 2567 968 2611 Od.
995 2570 1079 2623 86,
1105 2568 1159 2621 4)
1200 2581 1226 2610 a
1255 2566 1498 2625 Tychsenio
1529 2565 1767 2625 Gottingam
1794 2566 1972 2625 perlatus
2001 2567 2253 2624 (Mitscherl.
2292 2569 2457 2630 proleg.
2495 2586 2539 2631 p.

167 2633 372 2691 XXVII).
406 2633 487 2676 Hic
526 2633 659 2677 codex
695 2635 740 2676 in
765 2635 1000 2678 membrana
1028 2634 1319 2678 candidissima
1344 2649 1538 2693 perquam
1567 2634 1695 2677 nitide
1710 2634 2010 2692 -elegauterque
2039 2636 2238 2694 scriptus,
2265 2636 2418 2681 litteris
2447 2639 2536 2682 for·

166 2706 270 2747 niam
298 2716 435 2745 earum
463 2715 564 2759 quae
592 2700 708 2761 prelo
738 2697 1018 2760 exprimuntur
1043 2701 1165 2761 plane
1193 2702 1487 2758 referentibus,
1518 2703 1736 2762 scriptura,
1765 2716 1877 2759 quam
1902 2703 2103 2760 antiquam
2132 2705 2382 2764 typographi
2398 2705 2537 2765 appel·

165 2770 264 2815 lant.
321 2769 519 2829 Singulae
546 2769 722 2829 paginae
752 2769 807 2814 18
833 2768 985 2812 habent
1011 2783 1159 2812 versus
1189 2769 1369 2828 scriptos
1398 2770 1508 2813 inter
1533 2770 1667 2813 lineas
1698 2770 1788 2813 stilo
1805 2769 1961 2814 ductas.
1989 2770 2157 2814 ilittera
2170 2772 2402 2831 plerumque
2417 2785 2536 2829 pura,

168 2852 294 2896 saepe
321 2841 469 2896 puncto
497 2842 649 2881 notata.
706 2836 895 2880 Litterae
923 2837 1102 2880 initiales
1131 2837 1259 2879 variis
1290 2836 1497 2880 coloribus
1527 2841 1571 2880 et
1598 2839 1689 2881 auri
1714 2838 1883 2881 lamellis
1921 2837 2050 2882 nitide
2077 2839 2228 2896 pictae.
2285 2838 2418 2882 Tituli
2447 2854 2538 2884 cum

166 2907 300 2964 prima
327 2906 521 2964 cujusque
559 2906 729 2964 eclogae
766 2918 870 2948 voce
900 2904 1091 2948 caeruleo
1118 2905 1326 2963 pigmento
1357 2905 1514 2964 scripti.
1574 2904 1743 2950 Scholia
1770 2906 2017 2964 glossaeque
2048 2907 2211 2951 omnino
2230 2905 2398 2949 desunt.
2455 2906 2539 2952 Hic

167 2973 275 3018 liber
303 2974 395 3018 sine
422 2973 545 3018 dubie
574 2974 649 3017 sub
681 2973 800 3017 finem
829 2964 982 3016 demum
1022 2972 1178 3016 saeculi
1204 2970 1301 3018 XV.
1329 2973 1512 3030 scriptus
1541 2974 1677 3017 multis
1693 2975 1735 3018 in
1752 2973 1933 3032 partibus
1964 2988 2052 3017 cun
2081 2973 2203 3017 editis
2233 2973 2410 3017 vetustis
2440 2989 2539 3020 con-

168 3041 298 3097 venit,
325 3042 544 3100 praecipue
555 3040 718 3087 Veneta
732 3056 770 3087 a.
792 3042 919 3096 1478,
949 3041 1064 3098 cujus
1083 3040 1206 3082 etiam
1234 3040 1376 3083 titulos
1404 3040 1530 3084 habet
1556 3042 1601 3085 in
1628 3042 1719 3099 ipso
1749 3056 1903 3099 quoqne
1931 3041 2183 3096 deficientes,
2205 3041 2282 3084 ‘ubi
2310 3042 2356 3085 in
2383 3042 2456 3085 illa
2469 3043 2540 3087 de-

173 3112 281 3152 sunt.
338 3106 493 3155 Verum
528 3114 662 3154 tamen
696 3123 779 3153 non
817 3123 872 3153 ex
898 3108 1002 3152 libro
1031 3107 1142 3166 typis
1172 3122 1395 3168 expresso,
1425 3108 1503 3153 sed
1532 3124 1587 3153 ex
1615 3109 1754 3155 codice
1783 3109 1914 3167 aliquo
1943 3112 2078 3153 mscto
2098 3122 2186 3153 non
2214 3109 2392 3167 optimae
2419 3115 2542 3154 notae

172 3174 374 3234 originem
404 3176 592 3234 duxisse,
619 3178 715 3236 ipsa
738 3176 860 3221 lectio
890 3176 1084 3232 declarat,
1111 3176 1335 3220 innumeris
1367 3175 1526 3235 quidem
1553 3178 1666 3222 vitiis
1695 3179 1854 3232 obruta,
1882 3178 1927 3220 in
1953 3176 2105 3221 Satiris
2133 3177 2270 3236 magis
2292 3179 2413 3222 etiam
2428 3192 2544 3236 qnam

2169 3256 2232 3298 48
