2737 3600
1367 188 1434 237 42

208 325 323 367 foliis
355 326 560 371 constans,
589 324 756 378 praeter
784 319 923 361 ultima
953 334 1032 362 sex
1060 335 1204 377 vacua,
1235 323 1417 365 continet
1444 321 1521 363 Ho
1534 321 1665 363 ratii
1695 319 1730 362 Ο
1744 319 1916 362 darum
1943 319 2082 362 libro
2096 332 2117 362 s
2145 319 2224 364 IV.
2251 319 2323 377 Ep
2336 321 2469 363 odon
2497 321 2585 364 lib.

211 391 433 435 Carmen
463 402 601 431 saec.
630 387 680 430 In
710 386 935 446 appendice
964 388 1039 431 fol.
1071 392 1202 432 70-
1216 392 1274 433 82
1291 390 1498 446 subjectae
1530 393 1623 432 sunt
1652 387 1783 431 duae
1812 386 2032 431 Horatii
2060 386 2222 442 vitae,
2252 400 2341 430 cum
2370 393 2587 432 metrorum

208 459 311 503 Hor.
351 455 628 515 descriptione
640 487 654 510 ,
695 453 744 497 de
784 455 926 532 quibus
972 454 1017 498 in
1044 461 1145 500 nota
1174 471 1357 516 agemus.
1370 454 1407 513 ⁸)
1466 456 1586 501 Hunc
1595 456 1738 500 librum
1778 470 1799 499 s
1811 470 1868 500 ae
1880 455 1982 499 culi
2008 452 2104 501 XV.
2146 454 2289 498 alter
2302 468 2327 497 o
2367 452 2586 499 dimidio

207 525 401 582 scriptum
418 538 532 578 esse,
561 523 680 565 varia
695 523 817 580 signa
831 523 873 564 in
888 522 992 580 ipsis
1010 522 1164 565 chartis
1180 525 1308 566 insita
1325 525 1547 567 manifesto
1565 524 1784 567 declarant.
1842 524 1947 566 Nam
1964 538 1986 566 c
1997 537 2053 566 ru
2065 524 2140 565 cis
2158 523 2341 580 insigne,
2360 521 2468 579 quod
2483 522 2589 580 apud

203 593 246 634 N
248 606 487 634 aumannum
516 592 561 633 in
591 588 795 647 Catalogo
828 589 923 632 bibl.
953 588 1055 632 Sen.
1083 589 1207 648 Lips.
1239 592 1320 633 tab.
1352 590 1448 633 lx:
1462 591 1663 649 depictum
1694 606 1801 634 anno
1822 594 1937 635 1460
1955 592 2142 634 tribuitur
2155 625 2168 647 ,
2195 591 2239 633 in
2266 589 2340 633 fol.
2371 590 2414 632 8.
2442 591 2484 632 7.
2512 591 2586 633 20.

205 659 345 714 inest,
384 655 460 701 lib
473 671 529 701 ra
541 672 563 701 e
593 658 758 716 insigne
769 690 782 712 ,
821 657 968 699 ibidem
998 656 1050 698 ad
1079 669 1116 699 a.
1148 659 1259 699 1461
1289 657 1476 711 relatum,
1506 658 1553 719 in.
1578 658 1652 700 fol.
1682 661 1755 702 67.
1784 661 1855 701 70.
1883 660 1954 701 75.
1986 672 2076 717 cap
2090 663 2140 701 ut
2168 658 2366 701 taurinum
2396 655 2586 713 denique,

206 727 313 770 unde
343 727 465 782 virga
495 726 658 768 stellata
688 725 886 779 escendit,
916 725 1012 767 anni
1042 726 1166 767 1466.
1196 725 1240 767 in
1269 724 1403 767 multis
1433 724 1548 767 foliis
1577 725 1786 782 reperitur
1814 727 1906 773 (11.
1940 728 2009 769 14.
2040 729 2108 770 17.
2139 729 2209 771 20.
2238 728 2309 770 31.
2338 725 2407 767 32.
2426 725 2499 768 34.
2514 724 2587 767 36.

205 797 276 836 30.
304 796 375 838 40.
405 794 477 836 42.
509 794 631 845 cett.)
659 792 777 849 Ergo
819 792 869 835 de
909 794 998 849 ejus
1038 796 1172 834 aetate
1210 796 1309 850 post
1347 806 1493 834 annum
1524 794 1637 834 1466
1666 791 1842 834 dubitari
1869 794 2021 849 nequit.
2050 792 2194 851 Neque
2225 793 2275 836 de
2303 792 2449 852 patria.
2480 790 2586 834 Nam

206 860 435 902 litterarum
473 857 617 901 ductus
657 859 785 901 macri
822 874 869 901 ac
909 863 1053 902 tenues
1068 892 1081 914 ,
1118 858 1268 901 litteris
1305 859 1344 900 b.
1376 857 1414 900 d.
1444 858 1474 900 f.
1504 858 1545 900 h.
1576 872 1619 916 g.
1648 858 1675 902 l.
1716 873 1757 917 p.
1785 858 1852 900 vel
1891 872 2016 917 supra
2045 861 2111 903 vel
2145 861 2257 904 infra
2283 860 2432 904 lineam
2459 858 2586 916 longe

207 928 419 976 extractis,
453 927 684 985 scripturae
716 926 967 985 compendiis
997 928 1131 969 multis
1160 939 1379 985 parumque
1410 926 1620 969 concinnis
1637 931 1679 969 et
1693 926 1914 980 accuratis,
1943 928 2216 971 recentiorem
2233 942 2392 972 manum
2406 927 2588 971 Italicam

203 994 404 1054 produnt,
436 993 544 1050 quod
581 993 805 1036 Martinius
850 998 964 1036 recte
993 994 1110 1048 vidit,
1140 1007 1217 1036 nec
1247 1007 1335 1036 eam
1363 993 1431 1035 vel
1460 992 1618 1035 doctam
1647 994 1715 1036 vel
1744 992 1994 1050 diligentem.
2055 993 2229 1037 Accedit
2258 1009 2305 1039 os
2335 996 2517 1038 Italicum
2545 995 2588 1037 in

205 1063 432 1119 scriptione
461 1075 608 1104 vocum
637 1061 731 1102 mic
743 1061 811 1115 hi,
841 1062 925 1102 nic
938 1062 1029 1115 hil,
1061 1075 1119 1117 qu
1131 1075 1154 1102 o
1167 1075 1221 1114 ιιι,
1251 1075 1307 1103 ro
1320 1065 1369 1102 to
1381 1059 1479 1101 ndu
1492 1075 1512 1101 s
1544 1066 1639 1102 cett.
1668 1061 1949 1103 Atramentum
1978 1059 2150 1117 vulgare
2180 1067 2222 1102 et
2235 1062 2438 1119 pallidius.
2481 1061 2587 1107 Ver-

207 1144 322 1172 suum
353 1128 561 1171 columnae
590 1128 630 1168 in
663 1128 819 1169 cunctis
851 1128 1016 1185 paginis
1049 1127 1269 1185 simplices.
1332 1126 1487 1184 Scripti
1517 1134 1611 1168 sunt
1638 1127 1748 1168 inter
1775 1127 1907 1169 lineas
1936 1130 2200 1169 transversas
2230 1128 2321 1170 fere
2349 1131 2409 1171 24
2435 1129 2479 1171 in
2493 1143 2588 1186 qua-

206 1211 284 1254 que
313 1195 467 1254 pagina
494 1195 611 1237 fusco
644 1193 783 1236 colore
822 1192 964 1235 ductas
996 1194 1192 1250 utrimque
1222 1193 1331 1235 linea
1360 1192 1686 1251 perpendiculari
1715 1194 1968 1248 terminatas,
2000 1207 2127 1250 eaque
2156 1193 2306 1253 duplici
2336 1194 2389 1237 ad
2413 1195 2588 1250 laevam,

207 1279 286 1321 qua
313 1264 474 1306 litterae
502 1262 682 1303 initiales
713 1260 986 1304 includuntur.
1047 1260 1226 1303 Glossae
1254 1260 1472 1303 nonnullae
1501 1262 1658 1318 passim
1686 1262 1795 1303 inter
1822 1261 1954 1303 lineas
1971 1260 2217 1319 adscriptae.
2278 1261 2413 1305 Tituli
2427 1262 2589 1320 eclogis

209 1331 385 1389 singulis
415 1330 552 1372 rarius
584 1327 722 1371 additi.
779 1327 830 1370 In
859 1327 940 1372 fine
970 1327 1145 1386 Epodon
1172 1328 1274 1370 haec
1303 1327 1518 1385 leguntur:
1554 1329 1702 1381 Quinti
1727 1331 1886 1372 horatii
1901 1330 2041 1381 flache‘
2067 1329 2170 1371 liber
2183 1330 2389 1372 secundus
2414 1337 2458 1373 et
2487 1333 2590 1373 ulti-

206 1414 299 1443 mus
326 1401 507 1454 Epodon
543 1399 748 1452 Explicit.
821 1396 886 1438 Ha·
921 1397 1006 1437 duo
1045 1398 1141 1438 libra·
1167 1403 1266 1438 eunt
1296 1411 1348 1437 es
1376 1397 1559 1438 versibus
1584 1397 1717 1438 682.“
1750 1421 1802 1428 -
1849 1395 1884 1438 Ο
1896 1395 1981 1439 rth
1993 1410 2016 1438 o
2028 1410 2160 1454 grap
2172 1396 2223 1439 hi
2235 1411 2259 1438 a
2287 1411 2314 1439 v
2326 1411 2349 1440 o
2362 1411 2467 1440 cum
2494 1412 2590 1457 per-

211 1481 329 1525 quam
358 1466 524 1508 vitiosa.
583 1463 774 1506 Litterae
804 1461 912 1504 haud
941 1477 1036 1504 raro
1067 1466 1221 1505 temere
1252 1460 1413 1504 additae
1442 1461 1510 1504 vel
1537 1462 1715 1505 omissae
1739 1461 1806 1505 vel
1838 1461 2087 1521 duplicatae:
2119 1477 2253 1523 semp
2265 1468 2361 1507 tem
2390 1464 2591 1524 (septem)

210 1532 528 1593 complensti
558 1530 812 1589 (complesti)
842 1529 966 1571 fillo
993 1529 1141 1584 (filius)
1160 1530 1387 1586 quinque
1404 1530 1598 1586 (quique)
1622 1529 1839 1588 nephas,
1867 1530 2112 1585 nobillis,
2144 1531 2299 1586 vella,
2330 1530 2590 1576 Cessatis

208 1601 453 1654 (Caesaris)
493 1599 680 1642 cellum
710 1597 903 1652 (caelum)
943 1597 1125 1651 tallis,
1164 1597 1476 1654 perfussuS‚
1516 1597 1699 1651 fellix,
1738 1597 1977 1652 nebulle,
2008 1603 2102 1641 cett.
2133 1622 2188 1632 —
2216 1598 2590 1657 Interpunctio

206 1668 424 1713 rarissima
464 1670 506 1709 et
535 1665 716 1710 subtilis.
776 1662 1001 1707 Commatis
1040 1664 1211 1723 primum
1240 1664 1461 1722 vestigium
1488 1664 1533 1707 in
1561 1664 1641 1707 hoc
1672 1663 1812 1708 codice
1843 1669 2035 1724 apparet:
2081 1666 2167 1723 qui
2195 1679 2250 1709 re
2263 1680 2284 1709 s
2323 1666 2351 1710 h
2365 1680 2388 1710 o
2400 1668 2593 1711 minum'

207 1753 232 1780 a
242 1752 263 1779 c
295 1737 320 1778 d
331 1751 353 1778 e
367 1750 390 1777 o
403 1750 425 1776 r
435 1750 459 1776 u
471 1740 536 1778 m‘.
570 1758 622 1764 -—-
652 1732 693 1774 L
707 1747 731 1774 e
742 1732 851 1774 ctio
882 1732 1121 1789 plerumque
1152 1733 1462 1789 corruptissima
1490 1732 1699 1775 librarium
1721 1738 1761 1775 et
1776 1734 2121 1790 imperitissimum
2143 1738 2184 1775 et
2197 1734 2593 1791 negligentissimum

206 1803 357 1862 prodit.
395 1800 538 1846 Verba
577 1799 823 1858 saepissime
863 1798 930 1841 vel
971 1799 1125 1841 omissa
1162 1797 1229 1841 vel
1268 1798 1520 1857 transposita
1550 1801 1615 1852 (ut
1641 1798 1678 1843 Ι.
1707 1798 1758 1842 Ο.
1789 1798 1827 1855 I,
1858 1802 1926 1842 16.
1958 1804 2010 1843 et
2038 1799 2185 1859 opidi
2213 1801 2391 1845 otium.
2422 1804 2493 1858 17,
2522 1805 2592 1847 23.

210 1868 501 1915 confundet
529 1880 634 1910 cum
674 1866 886 1918 Marte.)
918 1864 1096 1907 Glossae
1125 1866 1280 1924 passim
1310 1866 1354 1907 in
1386 1870 1540 1908 textum
1570 1866 1736 1920 illatae,
1767 1865 1896 1920 ut11,
1929 1865 1978 1908 Ο.
2006 1869 2078 1921 10,
2107 1870 2178 1911 20.
2208 1882 2379 1911 arcum
2414 1870 2593 1913 tendit

210 1938 401 1998 Apollo
430 1936 682 1979 Remittit
725 1934 1050 1992 plerumque.
1080 1956 1136 1965 —
1185 1932 1326 1975 Nihilo
1358 1933 1494 1976 secius
1524 1933 1590 1976 hic
1621 1932 1752 1977 codex
1795 1933 2064 1977 lectiones
2095 1935 2409 1992 singulares
2440 1942 2482 1980 et
2509 1952 2592 1982 me-

207 2006 425 2051 morabiles
454 2003 562 2046 haud
591 2017 743 2062 paucas
775 2001 914 2056 offert,
945 1999 1183 2068 v.c.10
1194 2003 1257 2059 1,
1287 2003 1329 2046 2.
1363 2000 1397 2043 Ο
1429 2006 1480 2043 et
1507 2000 1851 2059 praesidium,
1882 2000 2033 2045 dulce
2064 2001 2103 2046 d.
2125 2017 2179 2049 ιιι
2192 2005 2234 2046 7.
2264 2004 2532 2049 nobilium.
2548 2009 2591 2050 8.

208 2079 401 2120 certet.
441 2073 596 2127 4,12.
628 2085 886 2128 agnam—
901 2047 1042 2112 edos.
1070 2069 1116 2122 5,
1150 2070 1217 2111 14.
1246 2067 1400 2111 indicat
1427 2067 1657 2112 humida.
1689 2070 1769 2124 14,
1801 2070 1869 2113 13.
1899 2069 2028 2113 iactes
2060 2074 2111 2113 tu
2141 2072 2361 2129 generis
2391 2087 2589 2118 nomen.

206 2146 279 2198 15,
308 2145 351 2186 0.
380 2140 544 2194 Heus,
573 2137 719 2183 heus
749 2139 1028 2194 quantus.26,
1059 2138 1127 2178 10.
1157 2135 1230 2178 Ρο
1245 2139 1400 2178 ssunt
1426 2135 1626 2181 honoreS.
1655 2135 1714 2192 Π,
1745 2136 1795 2180 Ο.
1817 2140 1859 2192 1,
1887 2140 1958 2181 26.
1973 2137 2144 2181 inulta
2162 2145 2418 2184 excesserat.
2435 2144 2592 2197 11,10.

206 2212 332 2254 luna
360 2209 542 2250 nitens
572 2206 726 2247 rubet
755 2207 825 2257 17,
854 2206 897 2245 6.
930 2203 1024 2260 quid
1052 2216 1193 2244 moror
1232 2202 1469 2245 alteram.
1498 2205 1572 2256 20,
1601 2205 1642 2245 2.
1668 2203 1963 2261 perliquidum
1993 2217 2131 2246 aera.
2160 2205 2238 2247 111.
2270 2205 2320 2247 Ο.
2347 2208 2393 2260 5,
2421 2209 2492 2251 44.
2522 2209 2590 2251 vi-

206 2279 310 2322 rile
325 2275 533 2320 s-vultu
546 2288 582 2318 s.
609 2275 663 2327 7,
693 2273 738 2315 5.
765 2272 950 2328 jactus
982 2270 1041 2313 ad
1071 2269 1248 2313 Oricum.
1279 2271 1351 2323 11,
1381 2272 1449 2312 10.
1478 2269 1608 2313 Ludit
1637 2270 1908 2316 exultans.
1937 2273 2009 2325 20,
2039 2273 2108 2314 13.
2137 2285 2427 2317 recreasse
2455 2280 2592 2321 vento.

206 2349 280 2400 24,
308 2347 382 2390 22.
411 2342 647 2385 alterius
679 2339 839 2382 thori.
862 2339 933 2382 57.
954 2352 1029 2381 seu
1058 2337 1242 2382 mavis.
1256 2337 1328 2391 25,
1361 2338 1428 2379 10.
1446 2336 1525 2380 Te
1553 2336 1788 2382 Lenaee.
1819 2339 1890 2390 27,
1922 2339 1989 2381 12.
2019 2337 2187 2382 Lucis
2213 2340 2272 2383 ab
2303 2349 2407 2384 ortu.
2421 2344 2494 2397 20,
2522 2344 2594 2388 50.

206 2414 348 2457 ludere
384 2410 653 2470 pervicaX.
682 2409 765 2462 30,
808 2409 875 2450 10.
916 2404 1219 2464 perstrepit
1255 2403 1448 2447 Aufidus.
1490 2405 1561 2449 18.
1589 2402 1801 2447 Jonium
1846 2418 2024 2451 carmen.
2051 2404 2128 2450 IV.
2159 2405 2234 2448 Od.
2267 2409 2337 2463 11,
2366 2410 2408 2451 0.
2438 2409 2590 2453 festi-

206 2489 333 2525 nant
361 2492 517 2521 manus.
536 2474 672 2533 Epod.
693 2476 737 2528 2,
767 2477 838 2516 44.
856 2473 932 2516 sub
956 2472 1183 2515 adventu
1212 2472 1335 2514 viri.
1355 2473 1400 2526 5,
1429 2474 1500 2515 46.
1521 2471 1798 2528 lumenque
1828 2472 1957 2515 caelo.
1977 2474 2048 2517 47.
2077 2472 2212 2517 Hinc
2241 2475 2501 2522 inresectum.
2519 2479 2591 2521 65.

210 2562 352 2593 munus
382 2545 650 2589 infectum.
681 2544 762 2596 12,
800 2542 843 2584 2.
871 2539 1052 2582 Munera
1090 2538 1209 2595 quid
1246 2539 1371 2582 mihi
1410 2552 1570 2582 curve
1601 2538 1680 2581 tab.
1712 2541 1783 2593 16,
1812 2540 1883 2582 57.
1913 2538 2029 2582 Νοιι
2056 2539 2142 2582 hic
2167 2540 2387 2599 Argivo.
2414 2545 2493 2599 17,
2521 2545 2591 2586 36.

211 2616 314 2669 Qui
343 2615 494 2657 finis.
524 2614 596 2656 64.
628 2615 822 2668 suppetas
847 2608 1196 2652 cruciatibus.

298 2796 337 2840 5)
369 2794 503 2829 Harum
528 2791 683 2826 Vitarum
706 2792 854 2837 priorem
878 2790 1031 2835 quamvis
1062 2789 1224 2824 insulsam
1250 2792 1285 2824 et
1308 2799 1328 2823 a
1345 2787 1481 2835 stupido
1505 2789 1620 2834 aliquo
1636 2787 1806 2825 monacho
1830 2788 2033 2835 profectam,
2065 2794 2181 2826 tamen
2198 2793 2236 2825 ut
2249 2790 2401 2826 noudum
2416 2792 2592 2837 cognitam

365 2849 420 2884 bic
443 2846 668 2892 vulgabimus.
717 2847 867 2881 Alteram
890 2848 1026 2889 Vitam,
1060 2846 1158 2890 cujus
1189 2844 1366 2881 exordium
1390 2849 1460 2880 est:
1503 2844 1547 2886 Q.
1578 2845 1748 2880 Horatius
1772 2844 1919 2880 nacon
1948 2856 2122 2891 praecone
2151 2851 2257 2892 patre
2290 2851 2397 2881 nam
2428 2851 2494 2882 etc.
2525 2848 2592 2893 (de

366 2918 437 2951 qua
462 2905 565 2949 paulo
590 2908 669 2947 post
691 2904 852 2947 agemus)
876 2903 1097 2947 subsequitur
1120 2902 1307 2944 Metron-um
1333 2902 1608 2950 Horatiae-orum
1632 2902 1814 2947 descriptio
1846 2901 1990 2945 eadem,
2021 2914 2110 2946 quae
2132 2902 2225 2947 apud
2248 2903 2348 2936 Alex.
2365 2902 2590 2941 Minatium-un

339 2964 402 2998 vin
425 2961 495 2996 Ed.
521 2959 664 2994 Mediol-
689 2961 777 2993 1486
809 2958 893 2994 hane
925 2960 1029 2994 vitam
1065 2957 1191 3001 excipit
1215 2962 1250 2993 et
1272 2968 1375 3002 quam
1397 2958 1474 2994 Jac.
1511 2957 1681 3001 Cruquius
1706 2967 1726 2992 e
1755 2957 1855 2993 codd.
1881 2957 2030 2993 Blaudd.
2059 2959 2093 2993 in
2124 2959 2194 2993 fine
2225 2957 2394 2993 Editiouis
2425 2959 2591 2996 exhibuit.

366 3018 524 3055 Eandem
548 3018 583 3052 in
595 3014 717 3052 codice
739 3015 877 3051 Monac.
904 3020 934 3051 1.
958 3021 1116 3051 extremo
1132 3015 1316 3059 reperimus
1335 3019 1370 3050 et
1392 3019 1574 3059 utramque
1596 3024 1674 3049 cum
1696 3018 1794 3050 textu
1818 3014 2016 3059 Cruquiauo
2039 3014 2257 3049 contulimus.
2281 3013 2385 3050 Prior
2400 3020 2517 3052 autem
2533 3018 2592 3053 illa

365 3076 447 3112 Vita
470 3073 668 3139 difficillima
687 3072 780 3115 lectu
796 3077 934 3118 propter
954 3081 1097 3118 pravam
1116 3074 1152 3106 et
1167 3071 1324 3137 vitiosam
1344 3071 1560 3116 scripturam,
1584 3069 1671 3107 haec
1688 3074 1762 3106 est:

349 3182 473 3224 'oculis
493 3193 637 3234 propter
651 3186 812 3222 ετίπιίαπι
838 3185 1048 3220 ebrietatem.
1075 3183 1157 3218 uniri
1176 3183 1311 3229 ingenia·
1334 3183 1579 3231 expeditissimi
1605 3195 1675 3218 uon
1699 3183 1876 3229 ignobilius
1889 3181 2096 3230 pffloaopht'.
2128 3138 2254 3217 Mi‘liti·
2276 3184 2419 3226 metit
2439 3186 2590 3223 melione

367 3247 477 3281 citam
500 3249 539 3280 ut
565 3244 723 3279 trimanus
750 3242 896 3278 militum
907 3242 1018 3285 suerit
1041 3242 1102 3276 sub
1129 3241 1227 3275 bmto
1251 3241 1342 3276 civile·
1366 3242 1464 3276 bello.
1489 3240 1631 3276 incoluit
1658 3240 1771 3276 tiber·
1802 3241 1894 3275 dono
1921 3238 2118 3275 namnam.
2150 3238 2344 3285 legatione·
2372 3245 2409 3277 ct
2429 3253 2588 3279 uem·-
