2737 3600
1298 150 1367 200 4⁷

148 292 289 341 tura,
329 285 427 340 (sed
464 287 648 340 bacca,
679 283 806 328 semel
832 282 1005 339 bacis)
1033 280 1186 336 litus,
1215 293 1393 335 causa,
1423 279 1632 339 Apulia,
1662 280 1881 340 Apulus,
1911 280 2126 336 mixtus,
2157 295 2303 336 cena,
2334 282 2517 326 obsce-

146 369 261 409 nus,
292 357 564 408 secuntur,
592 365 762 409 ungor
791 353 856 403 (et
882 349 1125 406 unguor),
1155 351 1328 405 urget,
1359 351 1524 403 artus,
1553 354 1870 407 percontor,
1900 348 2185 392 incolomis
2215 351 2422 410 (semper)
2446 352 2516 408 jo-

147 420 342 465 cundus
379 421 447 476 (in
483 419 619 478 Epist.
652 415 961 475 jucundus);
1002 415 1256 473 quicquid
1281 415 1513 474 plerumque
1543 416 1815 473 (quidquid
1845 415 1992 466 semel)
2023 416 2308 472 quicquam,
2338 419 2516 474 nequi-

147 502 310 546 quam3
339 503 368 530 n
398 491 491 529 aute
521 500 546 541 q
573 483 978 542 promplerumque:
1010 486 1265 539 tanquam,
1294 495 1522 539 unquam,
1551 495 1820 540 nunquam,
1844 484 2059 540 janque,
2104 488 2306 540 tanque,
2336 491 2515 528 utrun-

147 570 268 613 que,
296 555 617 613 plerunque,
657 548 972 604 tantundem,
1012 557 1258 608 quenque,
1297 564 1495 607 cunque
1531 550 1761 608 (cumque
1798 551 1843 593 in
1871 547 1999 602 Odis)
2041 562 2380 608 operumque,
2410 552 2513 596 vol.

146 636 221 681 pro
252 621 351 663 vul.
390 619 649 674 frequenter:
687 616 936 676 parvola,
966 616 1231 671 Volcano,
1260 616 1447 675 volgo,
1490 617 1737 675 volgari,
1768 616 1978 670 mavolt,
2010 616 2211 660 salvum
2239 622 2280 660 te
2309 618 2444 671 volt3
2475 626 2517 661 et

144 687 439 740 Vulcanus,
475 683 692 742 vulgus,
732 682 870 740 vnlt,
896 684 1148 745 promiscue.
1188 684 1214 729 d
1241 684 1350 728 inter
1377 699 1479 737 mn,
1515 699 1613 741 ms,
1652 689 1718 728 mt
1753 684 1988 745 plerumque
2017 684 2238 741 insertum:
2279 686 2517 745 tempnit‚

146 754 482 813 dampnatus,
512 750 613 806 (sed
652 750 858 808 damno,
888 752 1130 808 damnum,
1161 753 1457 808 contemno)
1488 756 1729 812 temptat,
1760 759 2014 812 sumptus,
2044 759 2262 812 emptor,
2291 754 2514 813 hiemps.

144 821 324 878 litteraj
355 823 449 863 ante
477 819 495 862 i
520 818 751 878 plerumque
790 820 916 864 elisa:
957 821 1149 877 obicit,
1191 820 1376 876 inicit,
1418 819 1658 875 deicere,
1696 821 1974 880 proicere,
2012 821 2227 864 abicito.
2257 821 2286 863 h
2313 821 2516 864 interdum
2576 828 2579 831 '

145 894 299 932 temere
339 886 514 931 additum
561 886 628 929 vel
666 888 881 931 omissum:
918 888 1099 944 holus,
1139 887 1402 942 habunde,
1443 892 1689 942 actenus,
1733 890 1874 931 ortis
1905 889 2102 941 (horfis);
2132 903 2154 931 c
2183 890 2339 947 passim
2368 904 2444 948 pro
2475 894 2513 932 t:

145 956 302 1010 vicia,
331 955 582 1010 inscicia,
611 955 859 1011 incuciat,
889 957 1135 1009 ambicio;
1165 956 1320 1016 passim
1350 956 1567 999 omissum:
1599 959 1868 1010 cuntetur,
1898 955 2193 1008 discintus;
2222 957 2239 999 i
2266 961 2309 1000 et
2335 972 2365 1015 y
2387 970 2515 1015 saepe

146 1025 255 1067 inter
284 1037 331 1065 se
360 1026 644 1067 commutatae:
684 1023 893 1081 ymber,
931 1023 1120 1082 sydus,
1149 1024 1359 1081 hyrcus,
1389 1022 1590 1081 tygris,
1621 1021 1844 1081 ciclops.
1900 1022 2097 1066 Accusat.
2125 1021 2190 1065 111
2219 1022 2367 1068 declin.
2397 1025 2441 1067 in
2469 1024 2515 1067 is

145 1090 303 1134 rarior:
344 1091 540 1146 omnis,
578 1091 774 1147 fontis,
814 1092 1012 1150 piscis,
1043 1090 1255 1146 suavis,
1283 1090 1462 1133 hostis
1494 1094 1589 1133 cett.
1645 1089 1696 1132 In
1723 1089 1873 1132 litteris
1902 1090 2228 1133 coalescentibus
2258 1105 2401 1134 vocum
2428 1106 2516 1133 cum

143 1171 343 1217 praepos:
375 1158 450 1213 ad,
481 1147 558 1213 ob,
589 1159 702 1213 sub,
730 1159 783 1201 in
812 1160 1125 1216 compositarum
1151 1158 1262 1201 nulla
1290 1157 1404 1200 certa
1433 1162 1475 1200 et
1502 1161 1698 1200 constans
1727 1158 1833 1200 ratio
1880 1164 2056 1201 servata.
2088 1183 2143 1191 —

257 1225 378 1270 Hunc
407 1225 587 1273 codicem
614 1226 658 1270 in
688 1224 908 1270 Germania
937 1240 1033 1270 esse
1063 1225 1271 1286 scriptum,
1315 1223 1496 1284 adeoque
1527 1239 1581 1268 ex
1608 1225 1837 1283 antiquiore
1866 1225 1999 1283 aliquo
2030 1227 2216 1286 exemplo
2247 1225 2518 1271 Germanicae

146 1294 322 1353 originis
353 1307 618 1352 expressum,
659 1294 822 1351 antiqua
863 1294 990 1335 verba
1020 1292 1263 1336 Germanica
1290 1293 1446 1351 glossis
1475 1294 1657 1336 immixta
1685 1293 1909 1348 declarant,
1940 1309 2042 1350 quae
2070 1295 2346 1338 Docenius
2377 1294 2433 1340 V.
2462 1296 2516 1341 cl.

140 1362 185 1403 in
221 1362 348 1405 libro:
387 1376 425 1404 v.
453 1362 625 1404 Aretins
654 1360 854 1418 Beitriige
893 1375 967 1402 zur
996 1359 1242 1403 Geschichte
1271 1360 1312 1405 d.
1339 1360 1447 1406 Litt.
1477 1360 1536 1404 Τ.
1565 1359 1663 1406 VII.
1691 1375 1732 1417 p.
1761 1363 1864 1415 244,
1896 1362 1971 1405 hoc
2002 1360 2052 1405 de
2070 1361 2210 1406 codice
2240 1377 2389 1421 agens,
2421 1378 2513 1407 sae-

146 1427 236 1472 culo
279 1427 396 1484 VHI.
432 1428 500 1472 vel
528 1428 602 1479 lx
639 1428 841 1486 assignat.
879 1426 957 1471 111.
989 1426 1065 1471 Od.
1104 1429 1159 1483 4,
1199 1429 1271 1473 12.
1317 1427 1613 1486 palumbes:
1658 1427 1719 1486 gl.
1756 1427 1986 1482 columbae,
2025 1431 2285 1485 hegetubaem3
2322 1431 2420 1474 item
2456 1430 2513 1473 11.

144 1494 233 1541 Sat.
247 1498 293 1551 8,
321 1497 391 1539 02.
423 1495 459 1541 1.
487 1495 623 1555 Epist.
639 1498 711 1552 lo,
740 1498 809 1540 22.
830 1495 984 1538 -inter
1011 1495 1193 1538 varias
1222 1495 1459 1538 nutritur
1488 1495 1633 1551 silva
1661 1496 1956 1538 columnast
1986 1497 2043 1554 gl.
2067 1500 2324 1541 wirtkeltm‘n.
2341 1500 2413 1553 18,
2444 1502 2513 1543 14.

143 1563 348 1621 glomos
377 1587 434 1597 —
462 1563 639 1608 lanaex
670 1564 727 1623 gl.
757 1566 962 1607 cunundi.
992 1565 1061 1615 18,
1089 1566 1131 1606 7.
1164 1578 1222 1607 se
1252 1563 1597 1606 commendat:
1629 1563 1687 1621 gl.
1720 1565 1919 1619 geluibet.
1946 1563 2003 1607 11.
2020 1564 2097 1623 Ep.
2113 1564 2151 1620 1,
2181 1568 2277 1608 114.
2305 1566 2515 1609 abrota-

141 1624 255 1674 num
293 1631 350 1689 31.
379 1634 609 1675 eitteruod.
636 1630 671 1674 I.
701 1630 790 1676 Sat.
818 1633 871 1686 8,
909 1632 981 1674 44.
1023 1631 1348 1674 strabonem:
1394 1630 1452 1688 gl.
1481 1632 1728 1686 schaldem,
1766 1633 2058 1676 schmelenten.
2097 1633 2152 1676 ib.
2191 1638 2413 1692 paetum.
2453 1634 2513 1693 gl.

140 1697 457 1742 leviteroculos
487 1698 775 1742 declinantem:
805 1700 1083 1753 wewhougen.
1113 1702 1158 1752 6,
1190 1700 1287 1743 106.
1316 1699 1551 1740 mantica
1578 1698 1637 1755 gl.
1666 1700 1849 1741 malalaa.
1881 1699 1939 1744 ib.
1957 1701 2051 1741 117.
2081 1700 2314 1743 echinus.
2345 1701 2402 1758 gl.
2417 1704 2514 1757 gla-

140 1780 288 1809 sam:
329 1766 499 1810 salinum
535 1766 707 1810 vitreum
746 1770 815 1809 aut
851 1780 1042 1820 aeneum,
1074 1765 1209 1809 echini
1237 1764 1410 1822 figuram
1445 1765 1653 1810 referens.
1682 1767 1763 1820 10,
1791 1767 1860 1808 81.
1899 1770 2055 1809 natus
2104 1781 2241 1810 mare
2280 1767 2420 1810 citra
2456 1767 2515 1826 31.

140 1835 329 1891 ᾱίοοῖιαιρ
364 1848 509 1878 merea.
534 1833 591 1878 11.
630 1832 720 1883 Sat.
756 1835 811 1888 2,
847 1835 920 1879 41.
960 1833 1184 1876 obsonia
1220 1832 1278 1890 gl.
1306 1836 1523 1875 zuomot'se.
1552 1832 1610 1876 ib.
1637 1834 1708 1876 74.
1737 1833 1928 1876 turdis.
1959 1834 2017 1892 gl.
2046 1835 2312 1890 brahuogele.
2340 1837 2386 1890 8,
2415 1835 2516 1880 245.

139 1901 422 1945 luscinias.
452 1901 512 1959 gl.
538 1903 806 1956 montegeleni.
834 1902 880 1954 8,
925 1903 993 1942 10.
1024 1914 1249 1942 mensam
1287 1913 1532 1942 acernam
1561 1899 1619 1956 gl.
1650 1899 1701 1950 de
1729 1913 1880 1943 acerno
1912 1901 2077 1955 factam,
2106 1903 2134 1944 i.
2165 1905 2423 1948 malaltn'ne.
2453 1905 2509 1946 ib.

140 1971 211 2013 41.
240 1981 494 2011 muraena
521 1967 579 2026 gl.
609 1968 828 2022 Iantsn’da.
859 1967 915 2009 ib.
942 1968 1014 2009 91.
1043 1966 1271 2009 merulas
1301 1967 1358 2024 31.
1389 1969 1580 2020 amsoela.
1610 1989 1665 1999 -

253 2035 420 2079 Scholia
455 2050 531 2094 per
568 2039 695 2078 totum
732 2034 911 2078 codicem
947 2034 1117 2092 copiosa
1155 2048 1210 2077 ex
1246 2033 1430 2081 Acronis
1472 2039 1525 2077 et·
1550 2033 1855 2092 Porphyrionis
1896 2036 2198 2080 commentariis
2237 2041 2433 2097 excerpta
2470 2044 2513 2081 et

141 2103 255 2147 varie
284 2103 499 2147 commixta
538 2107 656 2157 sunt,
683 2102 743 2146 ita
769 2099 814 2146 ut
839 2100 1032 2146 nonnulla
1060 2115 1086 2144 a
1113 2101 1376 2160 grammatico
1405 2101 1474 2159 qui
1510 2100 1580 2144 vel
1614 2101 1708 2144 huic
1743 2101 1849 2143 libro
1891 2102 1958 2144 vel
1993 2103 2217 2162 exemplari
2243 2103 2348 2146 unde
2377 2104 2511 2160 fluxit,

140 2171 334 2231 praefuit,
363 2185 419 2214 ex
444 2171 576 2230 ipsius
609 2170 739 2228 copiis
782 2168 919 2212 addita
948 2169 1045 2223 sint,
1074 2169 1211 2211 citatis
1238 2167 1459 2211 identidem
1487 2167 1610 2211 Sacri
1639 2168 1809 2211 Codicis
1838 2170 2107 2227 scriptoribus
2139 2177 2181 2213 et
2207 2171 2326 2226 locis,
2358 2172 2433 2215 sed
2462 2187 2514 2216 ea

140 2245 275 2282 tamen
310 2239 502 2298 pleraque
539 2252 626 2290 non
652 2238 791 2295 magni
819 2236 1085 2297 aestimanda.
1146 2235 1356 2289 Quaedam
1384 2235 1480 2279 inde
1511 2240 1710 2294 excerpta
1736 2236 1780 2279 in
1811 2234 1967 2283 comm.
1994 2236 2050 2280 Π.
2080 2237 2274 2283 dabimus.
2334 2237 2513 2284 Glossae

141 2306 251 2350 inter
277 2306 409 2350 lineas
439 2320 494 2350 ex
524 2305 694 2349 scholiis
723 2305 935 2350 maximam
961 2308 1118 2364 partem
1143 2303 1362 2347 fluxerunt.
1419 2302 1747 2362 Argumenta
1773 2303 1960 2363 pleniora
1986 2303 2193 2364 plerisque
2217 2305 2378 2365 eclogis
2393 2320 2514 2364 prae-

79 2399 82 2400 ⁷
141 2374 279 2432 posita
315 2374 406 2418 fere
445 2388 499 2418 ex
525 2372 694 2417 Acrone
732 2377 774 2416 et
798 2372 1089 2432 Porphyrione
1129 2376 1272 2415 sumta.
1330 2370 1524 2415 Ceterum
1559 2371 1662 2415 haec
1700 2371 1856 2414 scholia
1899 2375 1941 2413 et
1967 2372 2164 2429 glossae,
2194 2375 2233 2417 si
2259 2389 2345 2418 nou
2373 2376 2514 2419 eadem

143 2455 277 2495 manu,
306 2455 385 2497 qua
411 2446 575 2496 textus,
616 2446 727 2485 certe
757 2442 919 2499 antiqua
948 2439 1102 2485 saeculi
1127 2439 1228 2485 XII.
1253 2439 1373 2499 plane
1403 2442 1447 2484 et
1473 2439 1676 2499 explicato
1705 2440 1870 2499 scripta.
1899 2461 1952 2473 -
1983 2438 2176 2486 Lectio
2205 2441 2325 2500 hujus
2355 2441 2511 2486 codicis

142 2508 343 2566 religiosa
381 2521 470 2552 cum
508 2507 589 2551 fide
619 2508 798 2555 confecti
823 2509 1044 2569 purissima
1070 2508 1303 2568 plerumque
1333 2512 1375 2551 et
1403 2507 1730 2552 emendatissima
1758 2512 1837 2562 est,
1866 2511 1910 2548 ut
1937 2520 1991 2548 ex
2020 2509 2194 2564 optimae
2222 2514 2345 2551 notae
2374 2523 2512 2553 exem-

143 2577 250 2636 plari
285 2576 487 2635 profecta.
554 2575 605 2617 Iu
643 2574 903 2620 Carminibus
942 2581 1075 2621 tamen
1113 2576 1306 2619 librarius
1343 2576 1425 2619 alio
1464 2581 1583 2633 atque
1620 2576 1663 2618 in
1690 2575 1889 2633 Epistolis
1928 2580 1970 2616 et
1998 2573 2150 2619 Satiris
2179 2576 2323 2621 codice
2351 2577 2514 2623 videtur

146 2659 242 2687 esse
272 2658 387 2687 usus.
446 2642 552 2685 Nam
579 2643 624 2687 in
651 2643 718 2685 his
748 2643 1047 2701 orthographia
1074 2657 1219 2687 vocum
1246 2658 1330 2688 non
1358 2643 1480 2702 plane
1508 2643 1649 2688 eadem
1678 2647 1806 2700 atque.
1832 2642 1874 2685 in
1903 2641 2012 2697 illis,
2042 2643 2112 2687 ubi
2141 2645 2366 2690 accusativi
2393 2646 2437 2690 in
2464 2647 2512 2691 is

143 2711 265 2758 multo
293 2705 613 2769 frequentiores,
641 2708 738 2752 item
766 2722 791 2753 o
820 2712 917 2768 post
944 2708 1173 2768 v(volgus)
1198 2709 1318 2754 etiam
1348 2723 1578 2768 cumque,
1608 2710 1930 2768 quicumque,
1960 2723 2202 2768 umquam,
2231 2727 2510 2770 numquam,

144 2781 468 2838 sepulcrum:
499 2782 644 2820 contra
669 2778 714 2820 in
740 2776 990 2819 hexametris
1020 2791 1239 2833 cunque,
1267 2793 1509 2834 unquam,
1538 2792 1818 2837 nunquam,
1857 2777 2196 2835 sepulchrum
2234 2786 2329 2823 cett.
2358 2806 2413 2814 —
2443 2781 2511 2825 Ex

143 2847 321 2893 variis
358 2845 479 2904 hujus
526 2842 682 2889 codicis
719 2841 1059 2890 lectionibus
1087 2841 1304 2888 nonnullas
1342 2842 1409 2886 hic
1448 2842 1672 2889 offerimus.
1716 2843 1750 2887 Ι.
1792 2842 1870 2887 Od.
1899 2846 1974 2900 80,
2003 2847 2045 2888 2.
2107 2845 2327 2906 Cypron
2365 2848 2508 2892 invo-

144 2916 333 2961 cantis.
362 2915 520 2970 853³.
542 2912 670 2968 Heu,
698 2912 797 2955 heu
827 2912 1232 2955 cicatricumw.
1254 2911 1534 2969 ,defingam
1561 2916 1634 2968 87,
1654 2917 1721 2955 10.
1751 2912 2038 2969 quodlibet.
2053 2914 2110 2957 Π.
2140 2914 2511 2969 0d.2‚⁵.vivat

145 2989 327 3030 extento.
341 2986 386 3039 8,
414 2982 691 3028 2Varine.
711 2982 791 3035 12,
819 2982 890 3024 24.
904 2978 1087 3023 Arabum
1115 2977 1306 3024 domus.
1324 2982 1396 3035 10,
1425 2980 1678 3026 11-circa
1704 2983 1860 3025 tecta.
1892 2980 1972 3028 III.
2002 2980 2078 3026 od.
2106 2983 2264 3037 1219.
2293 2981 2509 3028 luminis

144 3056 215 3097 aut
240 3065 385 3110 aquae.
411 3053 485 3108 20,
513 3053 585 3096 82.
615 3047 864 3109 trepidet.
890 3045 1011 3107 Epod
1037 3048 1082 3104 2,·
1110 3048 1181 3092 88.
1210 3061 1309 3092 rara
1336 3047 1575 3092 tetendit
1601 3049 1718 3093 retia.
1746 3049 1817 3091 05.
1849 3048 2007 3094 divitis
2038 3063 2220 3093 examen.
2253 3053 2325 3107 11,
2353 3053 2424 3096 28.
2441 3057 2512 3095 aut

142 3121 323 3167 teneri
346 3121 465 3181 puori
495 3118 715 3176 (teretis
746 3116 975 3176 superscr.)
1008 3118 1077 3172 14,
1105 3117 1152 3161 8.
1179 3116 1354 3160 veluti
1370 3116 1573 3175 ducentia.
1603 3117 1636 3160 Ι.
1668 3116 1755 3160 Sat.
1783 3121 1828 3173 1,
1856 3120 1928 3161 72.
1958 3118 2404 3177 pictis-libellis.
2434 3123 2507 3163 07.

141 3192 193 3231 at
220 3202 399 3246 usque.
428 3192 482 3246 2,
519 3191 589 3232 57.
622 3187 704 3233 nil
731 3186 855 3230 mihi
883 3185 1056 3243 inquit
1099 3185 1282 3231 fuerit.
1318 3188 1365 3241 4,
1393 3189 1466 3231 40.
1508 3184 1825 3231 concludere
1868 3201 2075 3231 versus.
2106 3187 2162 3242 5,
2193 3189 2262 3232 lo.
2300 3187 2511 3234 multum
