2737 3600
1333 162 1401 216 52

176 302 253 347 sed
280 303 325 347 in
351 301 522 360 Lyricis
553 298 741 357 singulae
777 298 912 342 lineae
942 298 1090 354 binos,¹
1128 299 1203 343 sub
1231 298 1354 343 linem
1390 303 1533 344 ternos
1569 311 1725 357 quoque
1762 296 1914 342 habent
1948 309 2096 341 versus
2138 309 2218 340 una
2253 296 2556 342 continuatione

177 372 369 429 scriptos.
425 368 586 413 Versus
615 362 660 409 in
690 366 866 423 singulis
896 367 1064 424 paginis
1079 366 1201 410 Artis
1230 372 1358 426 poet„
1385 367 1664 426 Epistularum
1692 370 1734 409 et
1756 364 1981 410 Satirarum
2009 366 2082 419 27,
2110 363 2257 422 scripti
2284 364 2395 420 inter
2419 364 2553 408 lineas

177 438 271 480 stilo
302 436 458 489 ductas,
487 434 532 477 in
559 434 691 492 prima
729 433 885 477 codicis
921 438 1040 491 parte
1078 433 1227 491 pallide
1257 434 1462 478 coloratas
1476 466 1490 489 ,
1520 434 1627 477 binis
1666 433 1863 492 utrimque
1890 432 2010 476 lineis
2038 429 2440 493 perpendicularibus
2470 434 2554 474 ter-

174 505 363 556 minatas,
394 501 538 558 quibus
559 501 730 544 'litterae
758 500 937 542 initiales
966 514 1159 543 versuum
1186 501 1457 544 includuntur.
1511 500 1562 543 ln
1592 500 1766 558 Lyricis
1804 505 1936 544 autem
1975 498 2162 558 singulae
2198 498 2377 558 paginae
2404 509 2554 541 versus

171 572 244 624 36,
273 569 437 612 ultimae
469 568 571 612 adeo
600 571 658 611 42
687 569 849 611 habent.
909 567 1044 610 Tituli
1073 572 1115 611 et
1141 568 1305 610 litterae
1334 568 1569 624 eclogarum
1598 568 1778 610 initiales
1807 569 2040 626 plerumque
2067 568 2190 610 minio
2218 567 2377 624 pictae,
2408 564 2484 608 sed
2509 565 2554 609 in

172 636 326 681 Satiris
357 641 399 696 et
425 637 471 679 in
496 636 671 693 Lyricis
702 649 855 693 quoque
885 635 991 678 tituli
1020 634 1179 679 desunt.
1217 634 1500 678 Atramentum
1526 634 1571 677 in
1598 632 1802 691 Epistolis
1832 639 1875 678 et
1904 635 2055 680 Satiris
2083 635 2362 693 nigerrimum,
2391 632 2433 676 in
2461 631 2555 690 Ly·

171 704 274 747 ricis
305 708 436 747 autem
465 704 626 747 fuscum
656 709 735 747 est.
793 703 962 747 Scholia
999 708 1042 745 et
1069 703 1245 760 glossae
1283 703 1327 746 in
1355 702 1491 759 Epist.
1535 705 1578 744 et
1606 701 1873 745 Semonibus
1911 717 2091 759 paucae,
2131 703 2175 745 in
2202 701 2376 759 Lyricis
2403 699 2553 743 nullae.

172 770 462 828 Scriptura
489 771 532 813 in
561 771 704 827 priore
733 769 888 814 codicis
917 773 1034 827 parte
1064 769 1253 827 grandis,
1281 769 1496 813 luculenta‘
1510 773 1553 812 et
1581 769 1790 826 aequalis,
1821 768 1980 812 ductum
2009 770 2133 813 habet
2161 768 2314 813 saeculi
2341 765 2439 812 ΧΠ.
2469 765 2554 810 ele·

174 842 357 896 gantem,
389 837 633 896 angulosum
663 842 706 881 et
733 838 823 880 sere
854 837 1104 894 quadratum,
1132 837 1283 881 litteris
1299 852 1382 881 non
1408 837 1569 880 multum
1587 837 1655 879 vel
1674 850 1799 893 supra
1821 837 1888 879 vel
1906 837 2018 879 infra
2035 837 2182 880 lineam
2207 835 2553 893 prominentibus3

169 906 215 948 in
241 905 415 961 Lyricis
446 909 581 948 autem
611 905 730 947 aliam
757 905 882 947 habet
909 905 1071 947 omnino
1101 904 1280 961 speciem
1308 904 1431 946 multo
1457 903 1770 947 contractiorem
1785 902 2091 960 exilioremque,
2119 904 2269 947 litteris
2284 903 2554 956 tenuioribus,

170 972 320 1015 macris
351 977 394 1015 et
422 972 626 1016 confertis
657 973 860 1027 omnibus,
890 971 966 1015 sed
994 978 1128 1015 tamen
1156 973 1275 1031 plano
1315 976 1357 1014 et
1385 971 1586 1027 explicate
1617 972 1797 1028 scriptis.
1855 971 1952 1015 Non
1990 975 2125 1015 tamen
2159 971 2242 1014 alia
2279 976 2413 1014 aetate
2448 970 2555 1014 hanc

171 1039 340 1082 alteram
368 1044 527 1096 partem
557 1044 676 1097 atque
705 1041 883 1097 priorem
911 1040 1020 1083 illam
1057 1044 1153 1096 puto
1185 1053 1281 1083 esse
1311 1042 1543 1091 exaratam3
1582 1042 1790 1095 utramque
1826 1053 1927 1081 vero
1967 1038 2093 1081 certis
2133 1036 2184 1081 de
2223 1038 2360 1082 causis
2391 1036 2554 1083 saeculo

171 1105 270 1149 XII.
303 1111 488 1150 extremo
519 1107 708 1150 attribuo.
737 1107 843 1150 Nam
874 1107 1116 1164 diphthongi
1145 1121 1221 1161 ae,
1252 1120 1312 1149 oe
1340 1106 1553 1148 rarissime
1583 1110 1796 1162 apparent,
1826 1120 1864 1149 ae
1894 1106 2043 1163 sigium
2069 1119 2289 1162 nusquam3
2328 1119 2353 1147 e
2383 1104 2556 1161 simplex

171 1187 247 1231 pro
278 1175 332 1217 iis
362 1174 453 1217 fere
481 1175 641 1231 ubique.
692 1188 709 1215 1
738 1173 980 1230 duplicatum
1018 1179 1186 1217 accentu
1214 1176 1378 1216 notatur
1421 1171 1582 1228 (viciis,
1609 1171 1788 1230 imperii,
1819 1172 1988 1226 sociis).
2032 1171 2120 1216 Sed
2146 1187 2163 1215 1
2192 1171 2365 1230 simplex
2392 1172 2554 1229 ubique,

172 1256 257 1285 non
292 1242 310 1284 i
344 1242 411 1284 vel
449 1241 477 1284 ί.
537 1241 564 1283 d
591 1242 635 1284 in
662 1242 804 1297 priore
832 1250 949 1297 parte
979 1241 1193 1295 usitatum,
1222 1241 1267 1282 in
1296 1240 1426 1282 altera
1454 1239 1480 1282 d
1510 1244 1552 1282 et
1580 1239 1609 1282 δ
1635 1233 1881 1297 promiscue.
1940 1255 1964 1283 r
1991 1240 2240 1297 plerumque,
2288 1253 2304 1284 ι
2340 1239 2498 1294 rarius,
2536 1239 2558 1283 1’

172 1309 338 1367 longum
353 1309 444 1351 fere
459 1308 621 1367 ubique,
653 1322 674 1352 s
698 1307 875 1352 modoin
903 1308 985 1352 fine
1000 1322 1144 1352 vocum
1175 1312 1218 1351 et
1246 1321 1371 1365 supra
1398 1307 1547 1351 lineam
1577 1307 1725 1351 elatum
1754 1307 1957 1366 (hospe⁸).
1986 1301 2144 1366 Sigla
2172 1313 2225 1352 et
2253 1306 2556 1365 compendia

174 1376 453 1420 scribendi
479 1391 564 1419 non
592 1377 712 1419 nimis
741 1377 865 1419 multa
900 1382 943 1418 et
969 1377 1039 1418 illo
1070 1390 1173 1419 aevo
1203 1376 1368 1418 usitata.
1400 1374 1671 1433 &frequenm
1703 1375 1751 1429 ²l·
1771 1389 1846 1433 pro
1876 1390 2000 1432 rum,
2027 1376 2065 1418 ἶ
2091 1388 2168 1433 pro
2200 1379 2285 1419 est
2311 1375 2417 1433 (non
2442 1375 2550 1430 -÷-).

175 1443 584 1502 Orthographia
621 1458 800 1487 vocum
848 1445 1113 1487 vetustiorem
1161 1443 1493 1488 consuetudinem
1539 1444 1772 1500 plerumque
1820 1449 1981 1487 servat:
2027 1442 2306 1499 Juppiter,
2347 1442 2554 1496 Ulixes,

175 1511 398 1567 ApuluS,
429 1515 734 1567 percontor,
763 1511 924 1565 milia,
953 1510 1130 1566 belua,
1162 1525 1335 1566 sucus,
1365 1515 1532 1567 artus,
1563 1516 1726 1566 carta,
1751 1521 2036 1567 numquam,
2061 1523 2555 1567 umquam,cumque‚

173 1578 508 1631 tantumdem,
537 1577 832 1631 inmundus,
862 1578 1167 1634 inpransus,
1197 1578 1467 1635 inruptus,
1496 1578 1799 1636 inpressus,
1828 1578 2014 1634 inbuo,
2045 1576 2120 1621 sed
2147 1576 2332 1632 illudo,
2363 1575 2552 1620 collau-

172 1643 297 1698 dem,
330 1645 699 1700 obprobrium;
737 1659 764 1701 p
792 1646 902 1687 inter
929 1659 1013 1699 mn,
1042 1659 1120 1699 ms,
1149 1650 1206 1687 mt
1233 1646 1431 1687 insertum
1461 1649 1809 1703 (contempno,
1846 1646 2064 1703 hiemps,
2094 1644 2427 1701 ademptus)j
2459 1647 2554 1687 ante

170 1712 388 1769 iejectum
423 1711 468 1754 in
507 1711 747 1769 compositis
778 1711 996 1768 (obicit,
1034 1711 1219 1768 inicit,
1260 1711 1449 1770 deicit)
1486 1713 1503 1756 i
1539 1726 1615 1771 pro
1653 1728 1684 1772 y
1711 1713 1943 1772 plerumque
1979 1712 2135 1769 (lide,
2173 1712 2339 1767 licus)
2380 1726 2403 1755 c
2430 1724 2507 1769 pro
2538 1717 2556 1755 t

170 1780 404 1834 (vicium,
435 1781 699 1833 avaricia)
730 1784 812 1823 tum
840 1779 1043 1837 inquid,
1074 1779 1244 1835 velud,
1273 1785 1443 1837 caput,
1472 1781 1900 1839 haut,(plerumque)
1926 1781 2096 1835 michi,
2125 1779 2306 1835 nichil,
2331 1781 2551 1838 (semper).

171 1847 414 1891 Accusativi
442 1852 536 1891 tert.
570 1847 716 1892 declin.
749 1848 791 1891 iu
819 1848 867 1891 is
898 1847 1003 1891 satis
1032 1847 1355 1906 frequentes.—·
1373 1847 1565 1892 Lectio
1594 1848 1715 1906 hujus
1746 1848 1920 1904 codicis,
1951 1864 2005 1893 ex
2033 1849 2139 1892 hono
2170 1853 2213 1892 et
2236 1852 2396 1893 vetusto
2415 1862 2553 1893 exem·

172 1916 280 1973 plari
304 1915 451 1970 ducta,
480 1928 563 1958 non
594 1929 648 1958 ex
678 1916 786 1957 omni
816 1916 973 1972 quidem
1001 1919 1118 1973 parte
1158 1916 1378 1972 probatur3
1414 1915 1695 1974 negligentiae
1733 1916 1840 1960 enim
1875 1916 2055 1974 vestigia
2093 1915 2201 1960 haud
2237 1929 2367 1974 panca
2401 1916 2556 1972 insunt,

171 1984 340 2026 vocibus
355 1983 462 2026 haud
475 1997 572 2026 raro
589 1983 656 2025 vel
670 1984 935 2039 transpositis
951 1983 1018 2026 vel
1032 1983 1265 2040 depravatis
1279 1997 1357 2027 nec
1373 1983 1548 2041 singulis
1563 1983 1682 2027 modo
1698 1984 1837 2027 verbis
1855 1983 1930 2027 sed
1945 1984 2043 2027 totis
2058 1985 2265 2039 versibus,
2296 1983 2360 2027 vel
2372 1983 2555 2042 pluribus
2607 2019 2611 2023 .

172 2049 365 2107 deinceps
397 2051 590 2104 omissis-3
628 2055 710 2093 tum
737 2051 1010 2107 interpunctio
1050 2051 1095 2094 in
1123 2051 1304 2108 eleganti
1341 2051 1544 2108 scriptura
1572 2050 1691 2094 valde
1719 2051 1910 2110 neglecta
1945 2051 2154 2095 librarium
2182 2051 2318 2109 prodit
2346 2051 2554 2096 sollertem

170 2118 304 2175 magis
321 2132 439 2174 quam
467 2118 678 2160 eruditum.
719 2117 860 2161 Nihilo
893 2119 1029 2161 secius
1058 2123 1208 2173 tamen,
1237 2133 1326 2162 cum
1354 2118 1422 2161 vel
1450 2119 1592 2174 optimi
1617 2119 1713 2161 libri
1742 2120 1830 2162 suis
1859 2119 1972 2163 vitiis
2001 2133 2087 2163 non
2115 2123 2297 2174 careant,
2326 2118 2393 2162 hic
2423 2117 2554 2164 codex

169 2185 213 2227 in
240 2184 479 2227 melioribus
507 2183 805 2240 numerandus,
845 2185 912 2242 qui
948 2185 1066 2241 plura
1092 2185 1201 2228 bona
1236 2185 1387 2228 habeat
1414 2199 1531 2241 quam
1565 2185 1696 2240 mala,
1733 2199 1861 2242 eaque
1892 2186 2080 2243 singula,
2119 2199 2202 2229 non
2229 2186 2473 2243 regnantia,
2510 2186 2554 2230 in

171 2256 340 2309 utraque
369 2256 512 2309 parte3
552 2252 631 2295 sed
665 2251 880 2308 Epistolas
920 2266 1009 2295 cnm
1048 2251 1314 2295 Sermonibus
1353 2251 1474 2308 paulo
1516 2252 1766 2296 emendatius
1806 2267 1922 2310 quam
1948 2252 2111 2311 Lyrica
2149 2252 2324 2309 scriptas
2364 2252 2550 2299 dixerim.

171 2318 240 2361 Ex
266 2319 394 2362 variis
422 2319 668 2362 lectionibus
697 2318 914 2362 nonnullas
952 2318 1107 2361 afferre
1143 2319 1289 2376 placet.
1328 2318 1363 2361 I.
1393 2317 1471 2361 Od.
1499 2320 1544 2374 3,
1573 2321 1614 2362 3.
1651 2323 1804 2376 pater
1833 2324 2005 2379 regat.
2034 2322 2078 2376 8,
2107 2321 2148 2363 2.
2187 2319 2284 2364 hoc
2324 2318 2424 2364 deos
2463 2333 2552 2366 oro.

172 2388 243 2442 15,
272 2388 343 2430 24.
376 2386 545 2430 Teucer
573 2391 623 2429 te
653 2385 891 2430 Sthenelus.
922 2387 997 2439 20,
1025 2388 1067 2428 2.
1098 2390 1255 2443 grata
1283 2385 1411 2442 quod
1440 2400 1536 2443 ego.
1564 2388 1638 2440 25,
1667 2390 1709 2429 6.
1741 2387 1890 2430 audit
1916 2389 2062 2431 minus.
2092 2387 2172 2442 111,
2200 2390 2274 2442 20,
2302 2390 2372 2431 21.
2401 2402 2550 2433 novum

174 2467 335 2496 carmen
364 2454 627 2497 constitutum
657 2453 732 2496 sub
763 2453 849 2495 tit:
888 2451 968 2494 Ad
994 2451 1329 2496 Mecenatem
1365 2453 1697 2510 paranetice.
1752 2453 1788 2497 1.
1819 2454 1907 2498 Sat.
1936 2458 1982 2510 8,
2010 2457 2080 2498 1⁰.
2118 2469 2219 2512 quae
2248 2460 2456 2499 vexant.
2490 2455 2549 2500 11.

173 2519 261 2563 Sat.
292 2523 335 2575 1,
364 2522 408 2565 5.
439 2520 533 2577 quid
560 2520 710 2564 faciam
747 2519 1004 2577 perscribe.
1041 2521 1087 2574 8,
1128 2522 1223 2563 191.
1263 2519 1439 2563 classem
1478 2519 1741 2564 deducere
1781 2520 1931 2565 Troia.
1970 2524 2015 2577 6,
2051 2524 2149 2566 1⁰8.
2179 2522 2486 2567 verniliter.
2517 2523 2554 2567 1.

172 2586 307 2644 Epist.
335 2590 379 2642 2,
407 2591 478 2631 66.
508 2588 654 2645 pellem
682 2587 977 2631 illatravit.
1006 2589 1051 2642 Ἰ,
1080 2588 1152 2629 43.
1193 2592 1263 2630 tua
1290 2587 1399 2631 dona
1425 2587 1684 2645 relinquo.
1713 2586 1770 2632 11.
1798 2588 1933 2648 Epist.
1973 2593 2017 2645 l,
2045 2592 2115 2634 48.
2154 2591 2198 2644 in
2226 2591 2421 2635 fastus.
2449 2594 2549 2636 261.

172 2655 505 2711 pervaluere.
544 2658 590 2711 2,
616 2658 687 2700 44.
727 2660 772 2699 ut
799 2655 991 2699 vellem
1031 2668 1171 2698 curvo.
1207 2656 1279 2698 53.
1318 2655 1422 2699 satis
1451 2669 1775 2714 expugnare.
1807 2659 1906 2702 154.
1935 2658 2249 2702 rationibus
2278 2658 2409 2704 isdem
2447 2652 2552 2713 (iol

174 2723 535 2765 monitoribus
567 2724 795 2779 superscr).
1764 2722 1772 2724 “

285 2860 363 2912 47)
392 2855 561 2904 Mor.
593 2856 772 2901 Codex
798 2857 1176 2915 Morellianus,
1205 2860 1255 2903 ab
1283 2860 1512 2904 inventoris
1543 2864 1585 2903 et
1610 2861 1876 2919 possessoris
1907 2862 2083 2905 ‘nomine
2112 2875 2138 2905 a
2165 2862 2286 2906 nobis
2314 2861 2459 2907 merito
2489 2860 2550 2907 di-

172 2930 279 2980 ctus,
310 2925 467 2969 saeculi
480 2925 538 2969 X.
552 2925 882 2970 membranaceus
912 2927 956 2971 in
984 2929 1077 2982 4to,
1108 2941 1162 2970 ex
1190 2928 1316 2971 variis
1346 2928 1441 2971 libri
1468 2928 1641 2987 pei-boni
1670 2943 1718 2971 ac
1746 2929 1973 2987 pervetusti
2001 2930 2212 2988 particulis
2241 2934 2419 2983 constat,
2448 2944 2548 2986 quas

174 2992 358 3036 Gallus
398 2992 692 3047 Motellus,
720 2991 774 3038 V.
800 2992 1129 3049 Reverendiss.,
1159 2993 1379 3039 Sacrorum
1417 2996 1590 3038 antistes
1635 3000 1677 3038 et
1704 2995 2037 3040 bibliothecarius
2065 2997 2110 3041 in
2137 2996 2409 3040 Eremitarum
2439 2995 2549 3041 Coe-

171 3060 295 3102 nobie
334 3060 427 3116 (ΚΙ.
454 3059 722 3115 Einsiedeln)
760 3074 963 3119 prospero
1004 3076 1105 3105 casu
1140 3068 1322 3106 veterum
1365 3063 1561 3106 librorum
1608 3064 1852 3121 tegumentis
1895 3063 2174 3121 agglutinatas
2212 3062 2360 3122 partim
2396 3062 2442 3108 in
2478 3063 2549 3111 illa

172 3127 444 3182 bibliotheca,
483 3129 632 3186 partim
668 3128 714 3171 in
746 3125 947 3171 Coenobii
975 3128 1041 3172 St.
1069 3126 1240 3172 Geroldi
1277 3130 1321 3174 in
1361 3130 1469 3173 valle
1496 3128 1760 3176 Valsensium
1786 3131 1944 3189 reperit
1970 3137 2013 3174 et
2040 3130 2246 3175 detractas
2276 3143 2326 3174 ac
2355 3130 2548 3182 sordibus

170 3193 354 3250 cotiique
393 3194 653 3238 adhaerentis
691 3195 886 3252 vestigiis
921 3210 1071 3254 magua
1115 3210 1169 3237 ex
1196 3196 1312 3254 parte
1340 3198 1524 3240 obtectas
1553 3198 1597 3240 in
1624 3212 1744 3240 uum
1774 3198 2003 3255 congessit.
2090 3196 2208 3241 Haec
2234 3196 2467 3256 fragmenta
2491 3200 2549 3243 22
