2737 3600
1339 141 1407 193 29

184 279 511 325 Broukhusiana-
531 278 723 333 discedit,
753 276 860 335 quod
888 274 996 319 haud
1023 288 1121 318 raro
1149 273 1212 330 fit,
1239 274 1461 334 (exemplis
1481 275 1509 319 l.
1540 290 1577 321 c.
1606 275 1738 321 allatis
1754 277 1934 322 addimus
1965 277 2084 322 modo
2116 292 2171 321 ex
2202 276 2292 322 Sat.
2323 273 2361 333 I,
2390 277 2434 332 2,
2465 278 2561 322 ιδ.

187 346 409 407 Tigilli.
448 347 523 393 Br.
554 351 626 393 1².
661 339 937 389 Fusidius.
966 342 1042 385 Br.
1078 344 1150 387 2⁹.
1192 342 1455 386 subducta.
1488 341 1631 389 Comb.
1672 346 1742 387 4⁵.
1777 341 2562 403 quidam-ferro.'Br.cuidam·

186 416 401 461 ferrum.
432 415 580 460 Comb.
607 415 680 457 51.
709 411 1026 455 munificum.
1054 408 1130 454 Βι·.
1159 412 1230 455 ⁶4.
1261 410 1414 458 Sille.
1442 410 1518 455 Βι·.
1548 414 1618 456 68.
1646 412 1866 458 videnti.
1898 413 2128 460 Combd».
2157 414 2357 474 lyncei.
2388 412 2562 470 Comb.)

186 482 459 527 differentiam
493 481 604 525 illius
642 479 827 522 incuriae
865 491 914 521 ac
944 477 1162 522 socordiae
1199 479 1332 537 magis
1373 493 1486 537 quam
1523 480 1643 537 hujus
1672 479 1922 523 tribuendam
1951 495 2049 524 esse
2078 497 2166 525 cum
2195 482 2378 526 Obbario
2409 482 2561 526 sentio.

184 548 441 595 Broukhusii
478 548 586 591 enim
626 545 844 590 collatione
884 547 1025 603 [quam
1063 544 1114 589 ad
1152 560 1284 606 marg.
1320 546 1384 592 ed.
1413 544 1665 591 Heinsianae
1694 561 1736 590 a.
1768 550 1897 591 1612.
1936 544 2172 607 adscripsit,
2215 552 2266 591 ut
2290 562 2417 608 supra
2444 563 2487 608 p.
2514 549 2560 592 8.

183 617 474 668 indicavimus)
501 613 605 659 nihil
634 617 774 671 potest
800 626 897 655 esse
926 613 1085 656 fidelius
1115 618 1157 656 et
1184 616 1427 669 accuratius,
1458 620 1501 656 ut
1524 615 1592 671 qui
1620 619 1663 656 et
1690 615 2010 672 orthographiae
2038 616 2278 658 varietatem
2307 617 2455 672 ubique
2483 629 2560 659 no-

183 684 358 737 taverit,
387 686 431 725 et
459 680 616 724 scholia
654 680 741 723 suis
768 679 872 723 locis
902 680 1188 739 exscripserit,
1218 688 1260 724 et
1286 681 1424 725 titulos
1454 681 1688 740 eclogarum
1719 694 1861 724 omnes
1891 681 2136 736 exhibuerit,
2166 695 2270 738 quos
2299 680 2561 725 Burmannus

183 752 229 794 in
246 750 419 808 sylloge
448 762 525 790 sua
550 761 723 807 prorsus
753 748 901 792 emisit.
960 747 1045 791 Sed
1071 748 1176 791 idem
1205 748 1358 792 codicis
1386 748 1612 792 Leideusis
1642 748 1781 792 titulos
1812 762 1953 792 omnes
1983 750 2207 807 exscripsit
2235 764 2324 792 cum
2355 747 2559 793 Graeviu-

184 819 253 862 nis
281 817 514 875 plerumque
544 815 595 859 ad
623 816 788 860 verbum
807 821 1100 874 congruentes,
1128 820 1173 860 ut
1198 830 1253 860 ex
1281 831 1361 861 uno
1391 814 1612 874 eodemque
1643 814 1867 874 exemplari
1886 814 1996 859 ducti
2015 830 2113 860 esse
2127 814 2344 860 videantur
2373 817 2465 871 (ex.
2481 830 2550 875 gr.

185 884 223 931 I.
253 882 332 927 Od.
362 883 767 927 &Paranetico
791 883 999 925 dicolos
1029 883 1090 925 ad
1122 882 1364 925 Sestium
1391 882 1688 936 Quirinum.
1714 883 1758 921 ὅ.
1784 882 2218 940 Prosphonetice
2248 884 2559 925 tetracolos

187 953 240 995 ad
282 952 554 1009 Pyrrham.
592 955 634 993 0.
679 952 1047 1009 Hypothetice
1089 951 1387 993 tetracolos
1434 949 1496 993 ad
1538 949 1847 1007 Agrippam.
1882 951 1928 993 7.
1972 949 2299 993 Paranetice
2344 949 2560 995 dicolos

185 1019 406 1066 Planco.
433 1021 478 1066 8.
505 1017 729 1063 Erotice
758 1017 967 1062 dicolos
998 1017 1062 1062 ad
1085 1017 1328 1077 Lydiam.
1359 1021 1455 1061 cett.
1484 1016 1551 1061 Ita
1578 1017 1622 1061 in
1650 1017 1862 1074 utroque).
1917 1015 1967 1059 In
1997 1015 2173 1075 singulis
2195 1015 2561 1062 lectionibusBur-

187 1087 324 1130 manni
352 1086 520 1130 collatio
545 1100 632 1129 cum
660 1085 979 1129 Broukhusiana
1014 1099 1097 1128 non
1126 1087 1288 1129 omnino
1317 1086 1539 1139 consentit,
1569 1084 1675 1142 quod
1704 1085 1903 1142 exemplis
1933 1085 2210 1142 probabimus.
2238 1083 2274 1125 1.
2309 1084 2385 1127 Od.
2415 1087 2461 1139 2,
2491 1088 2560 1128 12.

187 1154 414 1201 damnae.
441 1151 583 1199 Burm.
612 1152 956 1197 dammaesBr.
982 1156 1029 1208 6,
1057 1155 1100 1197 8.
1123 1152 1318 1212 Ulyxei
1345 1152 1459 1196 Brm.
1494 1151 1695 1196 Ulixei.
1726 1150 1801 1194 Br.
1832 1153 1903 1208 13,
1935 1153 2003 1194 lo.
2034 1151 2420 1209 queremoniis.
2448 1150 2563 1194 Bm.

186 1222 312 1279 (quod
349 1223 430 1264 alia
456 1235 575 1264 manu
605 1221 851 1278 adscriptum
880 1220 973 1262 coll.
1003 1218 1155 1263 Graev.
1187 1235 1253 1279 ap.
1281 1221 1473 1264 Bothium
1501 1219 1655 1273 docet).
1697 1219 2046 1276 divulsusque
2075 1220 2459 1278 prementibus.
2487 1219 2562 1262 Br.

185 1292 259 1344 ἥ,
285 1291 329 1333 ὅ.
367 1289 615 1332 acinacis
646 1287 760 1331 Brm.
791 1287 1039 1330 acinaces
1068 1284 1147 1333 Βι·.
1176 1288 1349 1342 85,-88.
1378 1301 1570 1330 manum
1596 1285 1710 1332 Brm.
1740 1300 1936 1331 manus.
1966 1285 2041 1330 Βι·.
2074 1285 2151 1330 111.
2170 1286 2249 1334 Od.
2280 1289 2351 1342 11,
2379 1288 2453 1331 46.
2482 1285 2562 1331 de-

185 1370 324 1401 mens
352 1353 466 1399 Brm.
499 1354 730 1399 clemens
759 1352 834 1398 Br.
863 1354 935 1409 24,
964 1354 1036 1397 40.
1065 1354 1351 1398 materiem.
1379 1353 1494 1398 Brm.
1526 1353 1804 1397 materiam
1831 1353 1906 1397 Βι·.
1939 1355 2012 1408 25,
2044 1355 2112 1397 18.
2143 1359 2225 1397 est
2254 1360 2300 1405 -Ι-
2328 1353 2446 1398 Brm.
2477 1358 2564 1398 est

185 1422 261 1474 Βι·.
288 1424 371 1478 88,
407 1424 450 1465 0.
490 1422 646 1481 regis
686 1420 800 1465 Brm.
843 1425 1015 1464 tenes.
1046 1419 1239 1477 naas,
1275 1424 1319 1466 9.
1358 1422 1417 1465 in
1448 1422 1617 1464 vic-es.
1643 1420 1758 1464 Brm.
1787 1421 2013 1463 inv-icem
2041 1420 2116 1463 Βι·.
2147 1421 2222 1467 IV.
2253 1421 2330 1466 011.
2361 1425 2400 1472 1,
2430 1424 2474 1464 9.
2509 1422 2562 1465 in

186 1491 383 1537 domum
410 1489 524 1534 Brm.
562 1491 626 1546 (et
653 1488 815 1543 Bentl.)
843 1488 895 1532 in
924 1487 1082 1532 d-omo.
1117 1487 1198 1536 nr.
1228 1492 1299 1534 H.
1337 1489 1690 1544 comitabere,
1727 1489 1771 1531 in
1808 1503 1939 1548 marg.
1979 1489 2413 1533 comminabere.
2442 1489 2558 1532 Brm.

185 1560 246 1604 nil
280 1559 438 1602 notavit
464 1557 552 1602 Βι·.
577 1559 649 1600 20.
692 1557 905 1616 cupria.
927 1555 1042 1601 Brm.
1088 1559 1291 1616 cypria·-
1323 1557 1400 1602 Br.
1439 1581 1495 1589 —
1543 1556 1602 1598 In
1643 1556 2037 1615 orthographia
2064 1572 2244 1600 vocum
2276 1557 2368 1601 cod.
2406 1557 2559 1601 Graev.

187 1628 390 1683 antiquum
431 1626 665 1685 plerumque
708 1640 849 1678 usum,
893 1623 968 1667 sed
1013 1639 1099 1667 non
1136 1629 1376 1668 constanter
1400 1629 1585 1667 servat:
1627 1623 1658 1667 J
1669 1625 1901 1682 uppiter,
1940 1624 2253 1681 Maecenas,
2299 1625 2562 1682 (Meceuas),

184 1693 421 1749 Bachus,
451 1691 680 1752 Apulus,
710 1691 897 1748 heres,
926 1691 1078 1748 baca,
1107 1691 1286 1749 belua,
1324 1691 1551 1748 caelum,
1591 1705 1783 1747 caena,
1828 1691 2101 1751 pra-elium,
2132 1692 2380 1752 quicquid
2408 1692 2563 1751 (semel

185 1761 308 1805 modo
348 1760 561 1819 quidquid)
591 1760 869 1817 quicquam·
898 1760 1228 1816 nequiquam,
1281 1761 1612 1817 quicumque,
1661 1764 1957 1816 utcumque,
1995 1775 2273 1818 numquam,
2318 1776 2563 1818 umquam,

189 1828 286 1885 (sed
305 1826 837 1886 quanq‹ua›m)volgus,
855 1826 1211 1881 volnus-,volt,
1239 1824 1523 1881 Volcanus,
1549 1826 1763 1870 evolsis
1788 1826 2019 1886 plerumque
2048 1826 2372 1888 (sedvulpes)
2390 1833 2564 1887 urget,

186 1901 393 1954 urguet,
422 1894 569 1949 litus,
598 1894 773 1943 littus,
802 1894 1118 1951 incomptus,
1148 1897 1425 1952 temptare,
1456 1892 1739 1951 dampnum,
1770 1893 2004 1949 deicere,
2033 1896 2212 1951 inicit,
2244 1897 2441 1951 obicit,
2472 1896 2562 1951 dii,

181 1961 462 2021 Pompilii,
491 1960 792 2017 Tarqui-nii.
822 1974 845 2002 e
862 1974 937 2018 pro
957 1973 1024 2003 ae·
1042 1959 1232 2020 ‚vulgare,
1263 1959 1346 2002 sed!
1366 1974 1438 2009 ae,
1470 1959 2029 2019 oediphthongiinvocibus
2047 1963 2149 2005 satis
2163 1962 2450 2020 frequentes.i
2480 1969 2523 2006 et
2533 1979 2564 2022 y

182 2030 422 2091 promiscue
449 2028 709 2087 (nimphe,
746 2027 1006 2086 pbri-gum,
1034 2027 1201 2085 tybur,
1227 2027 1439 2086 nymbi).
1471 2028 1500 2071 h
1536 2032 1690 2071 temere
1725 2027 1901 2072 additum
1930 2029 1997 2073 vel
2031 2030 2224 2076 omissum
2253 2029 2561 2088 (Asdrubal,

183 2096 694 2153 Hasdrubal,‘tyma,
724 2100 882 2149 carta,
913 2094 1088 2150 corda,
1119 2095 1243 2149 orti,
1274 2095 1524 2150 archana,
1552 2095 1824 2152 Hiberia):
1854 2097 2064 2152 vicium,
2094 2098 2560 2156 canicies,capud,

185 2163 372 2220 velud,
410 2163 646 2218 faretra,
682 2161 851 2220 passim.
918 2161 1159 2205 Accusativi
1193 2162 1340 2205 tertiae
1379 2161 1484 2208 decl.
1514 2162 1557 2206 in
1585 2162 1632 2206 is
1663 2163 1809 2206 crebro
1838 2163 2110 2211 inveniuntur.
2137 2188 2195 2197 —
2237 2165 2371 2223 Hujus
2402 2165 2560 2210 codicis

187 2247 266 2276 sex
293 2231 404 2275 haud
428 2231 559 2274 minus
589 2230 828 2273 collationes
846 2230 979 2272 factae
995 2234 1112 2273 sunt:
1144 2231 1188 2286 a)
1216 2229 1474 2274 Bentleii.-
1503 2231 1551 2284 b)
1583 2230 1829 2287 Graevii,
1858 2232 2561 2291 inmargineedHenricopetrJ„

186 2314 294 2359 quae,
317 2299 361 2343 in
389 2298 634 2343 bibliotheca
661 2296 774 2341 acad.
803 2296 993 2343 Heidelb.
1023 2305 1227 2354 servatur,
1257 2296 1363 2341 unde
1382 2296 1560 2343 Bothius
1589 2297 1790 2343 lectiones
1821 2304 2036 2358 excerptas
2052 2300 2094 2344 in
2108 2300 2322 2345 Annotatt.
2340 2301 2392 2346 ad
2406 2301 2560 2349 Horat.

186 2367 384 2423 exhibuit,
407 2366 495 2409 sed·
517 2366 637 2410 modo
667 2365 719 2408 ad
737 2364 813 2409 Od.
841 2365 911 2409 lib.
939 2365 975 2411 1.
1003 2365 1060 2410 11.
1088 2366 1282 2424 usquead
1308 2366 1378 2409 lib.
1397 2366 1477 2412 III.
1508 2367 1665 2411 initium
1693 2368 1961 2424 pertinentes.
1992 2369 2035 2421 c)
2063 2367 2093 2411 J
2102 2369 2187 2411 ani
2214 2368 2562 2414 Broukhusii

183 2434 238 2479 ad
266 2434 330 2478 ed.
344 2433 625 2477 vHeinsianam
653 2447 690 2477 a.
720 2435 846 2478 1012.
876 2447 1001 2491 supra
1027 2433 1232 2489 indicata,
1262 2448 1379 2491 quam
1409 2433 1634 2478 Graeviani
1662 2435 1814 2480 codicis
1845 2450 1956 2490 esse,
1987 2434 2190 2480 Obbarius
2220 2436 2250 2482 l.
2280 2452 2317 2482 c.
2347 2437 2561 2495 praeclare

182 2502 385 2560 probavit.
425 2500 479 2557 d)
501 2497 750 2557 Ejusdem
777 2500 1114 2544 Broukhusii
1155 2501 1330 2544 altera
1358 2501 1411 2544 ad
1439 2504 1667 2561 marginem
1696 2503 1761 2546 ed.
1791 2503 2077 2546 Ascensianae
2108 2518 2146 2546 a.
2175 2507 2304 2547 1⁵2⁰.
2335 2505 2561 2563 adscripta,

183 2584 287 2627 quae
324 2570 368 2612 in
396 2568 640 2612 bibliotheca
665 2567 896 2626 Bodlejana
924 2575 1136 2624 servatur,
1165 2574 1212 2630 ut
1238 2569 1372 2613 refert
1397 2568 1699 2615 Mitscherlich.
1712 2570 1869 2629 proleg.
1900 2585 1939 2628 p.
1968 2569 2062 2616 Vll.
2093 2573 2138 2625 e)
2167 2571 2220 2615 P.
2253 2571 2560 2630 Burmanni,

184 2651 301 2696 quan
338 2649 463 2695 supra
496 2648 538 2694 p.
568 2637 609 2680 8.
639 2636 970 2692 memoravimus,
998 2650 1082 2680 non
1110 2636 1390 2681 commutanda
1417 2652 1512 2682 cum-
1535 2638 1777 2683 lectionibus
1814 2638 1904 2685 cod.
1932 2638 2160 2684 Leidensis
2191 2646 2235 2684 et
2263 2639 2427 2687 Zulich.
2458 2656 2557 2700 quas

181 2706 278 2748 Nic.
304 2705 470 2748 Heinsii
505 2719 624 2747 manu
663 2704 837 2760 scriptas
865 2704 919 2747 P.
947 2703 1207 2748 Burmannus
1247 2720 1336 2748 cum
1363 2705 1555 2751 Bentleio
1585 2707 1889 2751 communicavit
1917 2707 1978 2762 (v.
2007 2706 2146 2751 Bentl.
2178 2710 2310 2765 praef.
2340 2724 2379 2767 p.
2410 2709 2503 2765 VI).
2521 2710 2560 2763 f)

185 2771 238 2818 C.
269 2770 491 2827 Combii,
519 2771 563 2816 iu
592 2769 656 2815 ed.
690 2784 855 2829 operum
872 2770 980 2819 Hor.
1009 2786 1048 2816 a.
1079 2773 1205 2818 lm
1231 2773 1304 2818 ⁹8.
1334 2771 1385 2818 de
1416 2787 1495 2833 qua
1521 2773 1643 2833 paulo
1674 2779 1765 2820 ante
1795 2774 1968 2835 egimus.
2001 2773 2193 2821 Tertiam
2223 2791 2276 2820 ex
2302 2777 2366 2820 his
2382 2777 2559 2821 omnium

183 2841 490 2886 accuratissime
519 2840 669 2884 factam
695 2843 895 2898 putamus.

223 2996 254 3043 s
295 2976 384 3033 20)
404 2973 573 3035 Gph.
602 2976 652 3025 1.
712 2974 894 3022 Co-dex
922 2979 963 3022 1.
991 2975 1365 3023 bibliothecae
1390 2978 1615 3034 Ducalis
1647 2980 2157 3042 Guelpherbytanae
2188 2995 2298 3025 saec.
2319 2981 2417 3029 XV.
2435 2996 2558 3027 mem-

179 3046 407 3090 branaceus
436 3046 478 3088 in
508 3043 601 3089 12'01.
630 3046 725 3090 min.
770 3046 880 3105 sign.
911 3045 1015 3091 Guff.
1046 3048 1143 3089 m:
1176 3048 1293 3106 cujus
1321 3049 1507 3092 notitiam
1545 3049 1742 3094 dederunt
1768 3050 1946 3094 Ebertus
1984 3052 2026 3093 in
2067 3050 2271 3109 catalogo
2312 3058 2561 3110 mscptorum

178 3112 274 3156 bibl.
298 3112 592 3172 Guelpherhyt.
620 3127 664 3171 p.
779 3129 843 3158 nr.
871 3115 971 3157 438.
1000 3119 1042 3157 et
1068 3115 1189 3172 paulo
1219 3116 1445 3175 pleniorem
1475 3117 1552 3162 sed
1580 3132 1720 3176 parum
1748 3125 1975 3163 accuratam
2001 3118 2303 3163 Mitscherlich.
2334 3119 2389 3166 V.
2423 3119 2489 3166 Cl.
2518 3122 2561 3176 in

177 3179 256 3226 Ed.
287 3179 423 3225 Cam.
452 3182 505 3226 P.
533 3181 589 3225 11.
617 3183 750 3239 praef.
761 3197 802 3240 p.
817 3181 870 3229 V·
896 3182 1123 3228 Satirarum
1133 3183 1336 3230 lectiones
1357 3199 1412 3231 ex
1426 3185 1506 3230 hoc
1536 3186 1677 3232 codice
1699 3193 1886 3232 accurate
1907 3193 2125 3248 excerptas
2157 3188 2557 3234 Schneidewin.
