2737 3600
1314 159 1384 214 58

157 303 306 358 poetae
344 308 511 356 purum,
548 293 671 338 nullis
711 292 875 337 omnino
911 291 1024 336 notis
1060 291 1128 335 vel
1156 293 1460 337 commentariis
1490 291 1640 337 additis
1668 290 1864 336 exhibuit.
1921 289 1972 336 In
2000 290 2132 336 altera
2159 305 2200 339 a.
2228 293 2346 338 150
2385 294 2542 339 emissa

157 380 240 411 non
269 363 386 412 modo
417 361 573 421 scripta
586 360 754 406 Horatii
781 360 904 405 novis
936 359 1120 405 codicum
1150 360 1347 404 subsidiis
1378 360 1510 405 denuo
1539 361 1764 439 recensuit,
1794 358 1869 405 sed
1894 362 2049 404 certam
2077 350 2200 409 ctiam
2220 361 2541 422 orthographiae

157 434 355 479 rationem
383 429 546 475 induxit
575 430 703 486 (inter
732 428 814 473 alia
826 427 1027 474 Accusat.
1041 433 1138 474 tert.
1159 427 1288 472 decL’
1276 443 1320 472 ιιι
1344 428 1459 482 eis).
1520 427 1632 471 Tum
1648 429 1818 487 primum
1831 428 1875 472 in
1888 427 2146 488 praefatione
2160 428 2540 474 animadversiones

157 500 323 544 criticas
352 504 396 541 et
422 496 753 543 commentarium
790 494 842 539 de
879 495 1022 540 metris
1052 494 1295 540 Horatianis
1317 493 1472 539 addidit
1500 495 1765 554 singulasque
1785 500 2002 556 praeterea
2029 494 2132 540 odas
2146 496 2540 542 metronuadescri·

154 568 363 628 ptionibus
392 565 614 620 instruxit,
644 567 743 624 post
771 563 822 608 ab
851 562 946 608 aliis
976 564 1163 608 certatim
1191 563 1390 623 receptis,
1418 566 1463 607 ut
1489 562 1593 606 haec
1621 562 1754 607 altera
1779 564 1920 609 Editio
1947 578 2025 629 pro
2052 578 2153 608 vere
2180 578 2236 608 no
2263 579 2291 608 a
2317 569 2361 608 et
2388 564 2541 609 doctri·

155 650 235 679 nae
265 636 398 693 copiis
429 638 576 677 ornata
600 597 790 677 habenda
819 632 888 674 sit.
946 631 1122 674 Tertiae
1149 630 1335 674 Editioni
1363 644 1402 675 a.
1433 631 1560 673 1519.
1591 633 1689 689 post
1716 629 1817 674 Aldi
1844 632 1997 677 obitum
2020 627 2176 677 Franc.
2205 631 2247 676 A
2272 631 2417 677 ulanus
2447 631 2539 677 affi-

154 703 222 746 nis
252 702 466 779 praefuit,
504 700 573 756 qui
597 698 795 744 Andreae
821 699 1028 755 Naugerii
1057 713 1138 757 ope
1163 712 1311 741 novam
1350 697 1482 740 denuo
1511 702 1649 740 textus
1685 698 1972 743 recensionem
2010 700 2210 756 instituit,
2239 698 2390 764 additis
2420 711 2543 759 sape-

160 769 288 813 rioris
325 766 406 814 Ed.
445 767 604 827 copiiS,
635 780 724 811 cum
751 764 881 810 Marii
920 765 1060 811 Servii
1091 765 1345 810 Centimetro
1385 770 1428 810 et
1461 765 1558 810 Nic.
1595 764 1745 816 Peroti
1780 763 1918 809 libello
1958 765 2010 809 de
2046 767 2188 818 metris
2226 766 2333 812 Hor.
2359 765 2428 811 Ita
2453 771 2542 810 tres

157 835 354 890 Aldinae,
385 849 486 892 quas
516 833 704 891 singulas
734 833 823 876 suis
853 833 1070 877 virtutibus
1099 838 1361 893 praestantes
1391 835 1580 876 accurate
1609 831 1867 887 conmlimns,
1895 833 2002 875 bene
2029 834 2139 877 inter
2166 848 2214 878 se
2230 832 2544 893 distinguendae

160 907 270 948 sunt.
325 902 434 946 Nam
464 905 607 958 quarta
636 915 673 944 a.
701 901 830 943 1527.
869 915 924 943 ex
962 901 1087 943 tertia
1123 900 1175 943 ad
1214 901 1382 943 verbum
1420 913 1638 958 expressa.
1688 898 1829 943 Editio
1859 904 1991 942 autem
2021 913 2060 943 a.
2089 902 2216 944 1511.
2245 900 2543 959 Lugdunensis

159 970 294 1024 dicta,
335 982 452 1025 quam
490 967 592 1012 Sim.
625 966 901 1026 Carpentario
938 968 1141 1022 tribuunt,
1183 970 1282 1026 post
1315 966 1357 1010 J.
1386 966 1442 1012 A.
1471 966 1704 1010 Fabricium
1741 966 1803 1022 (in
1828 965 2023 1011 Bibliotb.
2058 965 2232 1022 Latina)
2269 969 2321 1012 ab
2347 967 2472 1012 Janio
2503 972 2546 1011 et

160 1037 331 1081 Mitscb.
360 1050 580 1094 perperam
608 1035 830 1088 celebrata,
861 1048 915 1076 ex
942 1035 1097 1077 Aldina
1117 1034 1179 1076 111.
1212 1037 1337 1077 1⁵0⁰.
1368 1034 1420 1076 ad
1447 1035 1638 1093 paginam
1668 1038 1710 1075 et
1736 1033 1913 1076 litteram
1940 1047 2030 1076 cum
2071 1035 2257 1087 omnibus
2296 1033 2545 1094 typographi

160 1102 375 1147 erroribus
384 1116 625 1163 expressa,
652 1100 756 1146 nihil
785 1101 948 1146 omnino
977 1101 1136 1160 proprii
1172 1100 1319 1156 habet,
1348 1101 1455 1158 quod
1492 1105 1681 1144 accurate
1719 1101 1907 1144 instituta
1934 1100 2099 1144 collatio
2126 1115 2208 1144 nos
2237 1099 2388 1147 docuit.

275 1170 363 1215 Sed
399 1175 444 1213 ut
472 1169 524 1213 ad
551 1169 809 1230 propositum
835 1167 1069 1225 redeamus,
1097 1183 1175 1213 nec
1202 1168 1336 1214 Aldus
1363 1168 1576 1214 Manutius
1607 1167 1774 1213 codices
1805 1183 1905 1213 suos
1934 1168 2169 1213 nominatim
2201 1169 2443 1213 memoravit
2465 1168 2548 1212 vel

160 1239 407 1317 descripsit,
445 1251 524 1278 nec
559 1236 603 1278 id
630 1241 728 1294 post
756 1250 845 1278 eum
888 1236 1002 1278 multi
1031 1236 1102 1277 alii
1131 1236 1332 1279 fecerunt.
1387 1236 1497 1281 Nam
1524 1235 1732 1293 Muretus,
1763 1235 2005 1292 Turnebus,
2037 1234 2258 1293 canterus,
2288 1234 2365 1292 Ge.
2394 1234 2544 1280 Fabri

157 1305 261 1359 cius,
290 1303 591 1364 Benmannus,
621 1304 899 1354 Torrentius,
929 1303 1062 1348 Henr.
1093 1302 1345 1364 Stephanus,
1373 1304 1430 1349 D.
1459 1290 1678 1360 Heinsius,
1706 1303 1978 1362 Rutgersius‚
2006 1302 2166 1354 Valart.
2195 1301 2334 1348 libros
2369 1309 2544 1359 msctos,

157 1373 302 1431 quibus
338 1372 407 1415 usi
434 1378 556 1428 sunt,
594 1372 667 1416 vix
693 1372 957 1425 indicarunt3
994 1370 1109 1418 Rob.
1137 1370 1413 1431 Stephanus
1401 1387 1445 1415 ιιι
1472 1370 1552 1419 Ε(1.
1583 1386 1624 1416 a.
1653 1372 1781 1417 1544.
1811 1373 1910 1426 8.‚
1913 1371 2068 1427 ,varias
2097 1386 2153 1415 ex
2179 1371 2378 1417 vetustis
2391 1371 2543 1415 codici-

156 1441 234 1483 bus
263 1439 432 1482 Horatii
467 1439 703 1483 lectiones“
741 1440 786 1482 in
824 1444 1010 1482 extrema
1047 1438 1148 1494 libn·
1180 1443 1298 1498 parte
1336 1438 1491 1483 addidit
1520 1438 1694 1497 quidem,
1724 1437 1800 1482 sed
1826 1403 1933 1482 unde
1963 1438 2171 1494 sumserit,
2209 1452 2293 1483 non
2334 1438 2544 1497 patefecit.

156 1507 393 1564 Dionysius
430 1506 748 1562 Lambinus,
793 1510 836 1549 et
870 1505 1058 1549 doctrina
1094 1510 1138 1548 et
1164 1506 1325 1565 ingenii
1361 1507 1545 1553 acumine
1583 1510 1626 1550 et
1662 1505 1959 1551 commentandi
1995 1509 2084 1549 arte
2119 1504 2282 1566 pariter
2318 1504 2544 1562 excellens,

155 1575 312 1633 primus
350 1577 449 1633 post
485 1573 635 1618 Aldum
675 1573 860 1617 codicum
898 1574 1002 1616 satis
1039 1572 1253 1616 multorum
1285 1570 1397 1632 ope,
1436 1584 1538 1631 quos
1577 1574 1622 1616 in
1659 1575 1919 1632 praefatione
1957 1574 2197 1619 memoravit
2234 1572 2418 1631 quidem,
2457 1586 2544 1616 non

157 1648 293 1684 tamen
343 1642 576 1685 accuratius
624 1640 869 1700 descripsit,
917 1639 1062 1684 critica
1108 1638 1323 1700 diligentia
1365 1644 1515 1701 poetae
1561 1644 1716 1685 textum
1765 1655 1820 1685 ex
1858 1639 1968 1685 omni
2009 1645 2129 1700 parte
2164 1641 2381 1685 recensuit
2415 1646 2458 1684 et
2493 1640 2546 1684 ad

156 1712 310 1751 certam
345 1723 529 1752 normam
573 1709 722 1768 partim
760 1722 815 1752 ex
851 1708 1050 1753 librorum
1097 1709 1367 1764 auctoritate,
1418 1708 1565 1768 partim
1603 1722 1657 1757 ox
1694 1722 1772 1755 usu
1799 1707 2032 1760 Horatiano
2065 1709 2168 1753 scite
2197 1708 2418 1755 observato
2448 1721 2546 1753 con-

157 1777 338 1820 stitutam
376 1775 628 1821 informavit.
686 1774 774 1819 Sed
811 1774 919 1820 idem
955 1775 1023 1818 vir
1060 1774 1204 1819 doctus
1241 1776 1285 1819 in
1322 1775 1508 1819 codicum
1544 1777 1792 1820 lectionibus
1831 1775 2004 1820 citandis
2040 1790 2125 1821 non
2155 1790 2317 1836 semper
2345 1775 2548 1835 religiosa

162 1859 250 1888 cum
279 1842 361 1887 fide
391 1843 536 1903 egisse
565 1842 742 1888 videtur.
755 1842 795 1900 ⁷)
852 1842 902 1888 In
932 1842 1225 1902 antiquioribus
1253 1841 1532 1889 Poelmannus
1563 1841 1736 1900 (Pulm.)
1763 1849 1937 1904 propter
1979 1843 2248 1903 diligentiam,
2278 1857 2356 1902 qua
2384 1843 2549 1887 codices

162 1927 280 1967 suos,
310 1911 498 1954 undecim
525 1925 712 1967 numero,
742 1911 929 1967 contulit,
957 1911 1177 1971 praecipue
1205 1909 1445 1955 laudandus.
1517 1909 1604 1956 Sed
1633 1910 1684 1956 de
1715 1911 1972 1971 singulorum
2000 1911 2211 1957 codicibus
2238 1916 2282 1955 et
2310 1910 2361 1955 de
2376 1911 2548 1955 >ratione

159 1995 238 2037 qua
265 1979 320 2023 iis
350 1980 418 2022 usi
446 1979 554 2034 sint,
593 1980 638 2023 in
665 1980 844 2037 praefat.
882 1979 935 2022 ad
962 1978 1041 2022 Ed.
1072 1978 1300 2022 Satirarum
1334 1979 1394 2022 Τ.
1422 1979 1457 2024 1.
1484 1994 1527 2038 p.
1541 1977 1903 2031 *xc—XCVII.
1930 1979 2091 2038 plenius
2121 1979 2300 2037 egimus.
2318 1973 2321 1977 Δ
2338 1978 2445 2036 ³Nec
2473 1979 2549 2022 bu·-

156 2047 224 2104 jus
252 2045 338 2090 loci
363 2050 409 2107 ¹et
436 2045 615 2090 instituti
645 2050 726 2102 est,
757 2045 922 2105 singula
949 2045 1133 2105 pluribus
1171 2046 1379 2105 persequi.
1436 2045 1552 2090 Inter
1578 2045 1694 2090 Feae
1733 2046 1917 2103 codices,
1945 2060 2114 2104 quorum
2141 2060 2196 2089 ne
2222 2061 2431 2090 numerum
2460 2047 2546 2104 qui-

159 2113 250 2157 dem
278 2113 493 2169 indicavit,
523 2114 627 2157 satis
655 2114 805 2159 multos
835 2113 1091 2157 recentiores
1120 2127 1170 2157 ac
1199 2113 1421 2158 deterioris
1448 2118 1573 2158 notae
1603 2128 1718 2170 esse,
1747 2114 1874 2159 certis
1905 2112 2072 2157 indiciis
2102 2113 2311 2172 cognitum
2337 2113 2547 2169 habemus.

159 2180 467 2239 Vanderbourg
503 2186 547 2224 et
572 2182 790 2233 Potterius
829 2181 1041 2236 [Pottier]
1077 2180 1224 2224 iisdem
1259 2181 1352 2224 fere
1389 2179 1600 2225 codicibus
1643 2182 1956 2225 Parisiensibus
1991 2181 2139 2239 par-tim
2175 2181 2469 2224 vetustissimis
2499 2195 2549 2224 ac

159 2248 530 2307 praestantissimis
569 2249 636 2294 usi
674 2252 771 2292 sunt
807 2247 950 2298 (modo
979 2247 1094 2292 Pott.
1138 2249 1210 2293 18.
1239 2249 1307 2292 19.
1336 2249 1409 2292 2⁰.
1438 2249 1512 2295 28.
1539 2262 1626 2294 non
1655 2247 1763 2309 apud
1789 2245 1939 2305 Vana,
1957 2252 2115 2303 „contra
2142 2246 2353 2304 Vanderb.
2383 2248 2474 2293 cod.
2490 2247 2544 2294 V.

158 2330 246 2359 non
286 2314 392 2374 apud
419 2316 553 2370 Pott.)
583 2331 751 2374 quorum
788 2316 859 2359 ille
895 2317 940 2359 in
977 2315 1258 2359 conferendis>
1280 2320 1323 2358 et
1352 2315 1636 2359 describendis
1677 2316 1795 2360 hisce
1823 2315 2033 2360 codicibus
2063 2316 2194 2376 altero
2223 2316 2427 2374 aliquanto
2458 2316 2548 2360 dili-

158 2382 328 2440 gentius
359 2382 461 2440 egit·
521 2382 609 2426 Sed
647 2398 799 2442 operae
835 2383 1010 2442 pretium
1048 2387 1184 2433 tamen
1211 2383 1354 2438 fuerit,
1383 2397 1459 2427 eos
1489 2397 1630 2427 omnes
1663 2382 1910 2431 Germanica
1936 2382 2151 2440 diligentia
2176 2383 2323 2431 iterum
2351 2387 2548 2426 excutere

157 2454 278 2504 atque
309 2448 542 2491 accuratius
581 2449 787 2491 conferre
838 2448 953 2492 Nam
994 2463 1073 2492 nec
1100 2448 1261 2509 plenam
1289 2454 1460 2508 uterque
1486 2449 1678 2495 lectionis
1706 2450 1949 2494 varietatem
1977 2448 2105 2506 dedit,
2133 2454 2178 2493 ut
2205 2449 2274 2509 qai
2300 2449 2446 2494 multas
2462 2463 2546 2493 sco-

158 2514 289 2559 dicum
322 2529 490 2559 suorum
516 2515 720 2561 lectiones
750 2515 966 2562 omiserint
1003 2520 1046 2558 et
1083 2516 1406 2577 orthographiae
1433 2514 1636 2567 rationem
1663 2516 1812 2561 nullam
1838 2516 2069 2573 habuerint,
2097 2530 2176 2561 nec
2204 2517 2268 2562 in
2275 2517 2330 2561 iis
2360 2522 2461 2575 quae
2476 2516 2546 2561 de-

165 2580 329 2638 derunt,
360 2582 463 2626 satis
493 2586 685 2626 accurate
714 2586 904 2641 egerunt.
963 2581 1119 2628 Variae
1148 2584 1257 2626 enim
1283 2587 1504 2626 msctorum
1531 2583 1748 2645 lectiones,
1777 2598 1899 2643 quas
1880 2584 2003 2628 alter
2031 2584 2214 2640 exbibet,
2243 2583 2356 2644 apud
2378 2584 2548 2629 alterum

162 2662 290 2710 saepe
331 2648 501 2706 desunt,
540 2657 667 2710 saepe
707 2648 816 2710 apud
852 2653 1064 2708 utrumque
1092 2664 1169 2709 pro
1197 2664 1280 2695 una
1300 2644 1490 2695 lectione
1516 2665 1602 2696 non
1629 2650 1769 2709 iidem,
1784 2651 1874 2704 sed
1902 2652 1989 2703 8111
2002 2651 2168 2705 codices
2197 2652 2390 2708 citantur,
2420 2666 2546 2712 saepe

158 2718 264 2761 adeo
296 2716 521 2764 eorundem
548 2717 732 2762 codicum
757 2717 960 2762 lectiones
991 2716 1098 2778 apud
1125 2723 1335 2777 utrumque
1357 2719 1466 2763 inter
1486 2732 1535 2763 se
1561 2724 1762 2780 pugnant.
1813 2719 1935 2765 Haec
1953 2721 2089 2766 omnia
2103 2719 2316 2782 per-uitis
2344 2719 2544 2780 exemplis

158 2786 293 2830 allatis
323 2785 449 2843 facile
476 2785 655 2845 probare
673 2786 904 2845 possimus3
933 2783 1057 2832 modo
1084 2785 1164 2831 hoc
1190 2791 1399 2837 notamus:
1437 2787 1620 2832 codicem
1646 2803 1710 2832 nr.
1737 2789 1854 2839 8218
1882 2788 2097 2839 saec.X11
2122 2787 2204 2846 (18.
2232 2787 2339 2848 apud
2365 2786 2479 2839 Pott.
2509 2787 2545 2831 Ο

157 2853 262 2914 apud
280 2853 437 2910 Vand.)
467 2854 586 2932 cujus
613 2854 746 2913 prima
762 2854 915 2914 pagina
930 2853 1126 2929 Lambini
1141 2868 1288 2900 nomen
1315 2855 1554 2915 inscriptum
1569 2856 1708 2911 habet,
1736 2870 1852 2914 quem
1870 2855 2005 2902 Vand
2026 2855 2339 2900 Jannoctianun
2353 2855 2546 2899 Lambini

247 3011 291 3055 7)
322 2995 428 3045 Haud
450 3019 532 3046 raro
556 3010 647 3046 enin
665 3009 855 3046 Lambinus
877 3011 911 3047 1ιι
941 3011 1092 3048 lectione
1122 3012 1234 3057 aliqua
1264 3012 1557 3049 commendandus
1598 3013 1677 3056 ,sic
1698 3022 1855 3050 onnes
1877 3013 1974 3049 mei‘
1976 3012 2114 3056 ‘dieta
2137 3013 2195 3049 ubi
2218 3013 2281 3050 vix
2258 3021 2393 3050 susus
2415 3013 2547 3048 alterve

316 3055 478 3179 §.4¹³¹
471 3051 766 3136 refer..
761 3054 1107 3138 maram
1110 3057 1374 3144 ”arax
1349 3023 1628 3146 eracli
1641 3067 1696 3138 τ.
1715 3057 1972 3138 ffla’s·
1938 3058 2291 3101 ...m
2301 3059 2390 3137 ιτ,
2414 3056 2546 3140 ⁹0³2:

462 3141 778 3190 el’olyunels
807 3144 939 3189 legunt.
969 3146 1017 3183 11.
1046 3105 1135 3191 od?
1154 3149 1211 3189 17,
1234 3102 1439 3184 lfibmb.
1471 3146 1558 3194 legit
1587 3147 1728 3195 Gyas,
1757 3147 1853 3194 quod
1882 3147 1998 3185 insul
2048 3127 2372 3197 „homanum
2390 3112 2549 3186 Sacrum

271 3222 274 3225 a
316 3148 423 3226 codd.
445 3189 628 3226 nonnullos
661 3188 794 3227 habere
822 3190 904 3226 dicit
926 3183 1100 3237 Gyges,
1132 3192 1209 3236 pler
1272 3201 1318 3227 ue
1347 3193 1477 3236 Gyas
1553 3194 1612 3227 ab!
1640 3173 1751 3228 nost’ri
1772 3194 1984 3229 feteo-sss
1999 3192 2128 3239 Ιιιιιι
2149 3189 2314 3237 Gigas,
2344 3191 2543 3230 duel-odo

315 3235 483 3278 enas,
505 3234 638 3280 vulgar!
659 3236 852 3272 litterarum
873 3217 1165 3281 commandens,
1197 3237 1255 3275 ιιιΙ
1268 3246 1310 3273 ιιι
1332 3240 1448 3274 sutem
1471 3203 1627 3284 G’ygcs
1648 3237 1704 3276 vel
1724 3237 1859 3285 Gyas.
1882 3236 2036 3276 Prorsus
2058 3235 2182 3277 eaden
2203 3236 2294 3276 ratio
2316 3241 2373 3276 est
2393 3237 2461 3275 loct
2481 3235 2546 3274 111.
