<?xml version="1.0" encoding="UTF-8"?>
<!DOCTYPE html PUBLIC "-//W3C//DTD XHTML 1.0 Transitional//EN"
    "http://www.w3.org/TR/xhtml1/DTD/xhtml1-transitional.dtd">
<html xmlns="http://www.w3.org/1999/xhtml" xml:lang="en" lang="en">
 <head>
  <title>
</title>
<meta http-equiv="Content-Type" content="text/html;charset=utf-8" />
  <meta name='ocr-system' content='tesseract 3.04.00' />
  <meta name='ocr-capabilities' content='ocr_page ocr_carea ocr_par ocr_line ocrx_word'/>
</head>
<body>
  <div class='ocr_page' id='page_1' title='image "./4627232_0031.png"; bbox 0 0 2737 3600; ppageno 0'>
   <div class='ocr_carea' id='block_1_1' title="bbox 1215 258 1527 266">
    <p class='ocr_par' dir='ltr' id='par_1_1' title="bbox 1215 258 1527 266">
     <span class='ocr_line' id='line_1_1' title="bbox 1215 258 1527 266; baseline 0 3334"><span class='ocrx_word' id='word_1_1' title='bbox 1215 258 1527 266; x_wconf 95' lang='lat' dir='ltr'><strong> </strong></span> 
     </span>
    </p>
   </div>
   <div class='ocr_carea' id='block_1_2' title="bbox 163 298 2560 2676">
    <p class='ocr_par' dir='ltr' id='par_1_2' title="bbox 163 298 2560 2676">
     <span class='ocr_line' id='line_1_2' title="bbox 165 298 2556 383; baseline -0.002 -9"><span class='ocrx_word' id='word_1_2' title='bbox 165 330 319 374; x_wconf 86' lang='lat' dir='ltr'><strong>litteris</strong></span> <span class='ocrx_word' id='word_1_3' title='bbox 348 327 524 373; x_wconf 78' lang='lat' dir='ltr'>Gothico</span> <span class='ocrx_word' id='word_1_4' title='bbox 563 325 802 367; x_wconf 77' lang='lat' dir='ltr'>charactere</span> <span class='ocrx_word' id='word_1_5' title='bbox 843 323 1012 380; x_wconf 88' lang='lat' dir='ltr'><strong>scriptis</strong></span> <span class='ocrx_word' id='word_1_6' title='bbox 1025 355 1039 378; x_wconf 92' lang='lat'>,</span> <span class='ocrx_word' id='word_1_7' title='bbox 1080 337 1169 366; x_wconf 91' lang='lat' dir='ltr'><strong>cum</strong></span> <span class='ocrx_word' id='word_1_8' title='bbox 1207 326 1300 383; x_wconf 88' lang='lat' dir='ltr'><strong>ipse</strong></span> <span class='ocrx_word' id='word_1_9' title='bbox 1336 329 1474 367; x_wconf 84' lang='lat' dir='ltr'><strong>textus</strong></span> <span class='ocrx_word' id='word_1_10' title='bbox 1512 336 1670 366; x_wconf 83' lang='lat' dir='ltr'><strong>manum</strong></span> <span class='ocrx_word' id='word_1_11' title='bbox 1707 322 1870 366; x_wconf 86' lang='lat' dir='ltr'><strong>facilem</strong></span> <span class='ocrx_word' id='word_1_12' title='bbox 1897 298 2078 363; x_wconf 63' lang='lat' dir='ltr'><strong>Italicam</strong></span> <span class='ocrx_word' id='word_1_13' title='bbox 2115 335 2217 380; x_wconf 85' lang='lat' dir='ltr'><strong>prae</strong></span> <span class='ocrx_word' id='word_1_14' title='bbox 2247 336 2295 365; x_wconf 79' lang='lat' dir='ltr'><strong>se</strong></span> <span class='ocrx_word' id='word_1_15' title='bbox 2325 325 2446 367; x_wconf 83' lang='lat' dir='ltr'><strong>ferat.</strong></span> <span class='ocrx_word' id='word_1_16' title='bbox 2505 326 2556 370; x_wconf 84' lang='lat' dir='ltr'><strong>In</strong></span> 
     </span>
     <span class='ocr_line' id='line_1_3' title="bbox 170 387 2560 453; baseline -0.002 -12"><span class='ocrx_word' id='word_1_17' title='bbox 170 398 314 441; x_wconf 84' lang='lat' dir='ltr'><strong>ultima</strong></span> <span class='ocrx_word' id='word_1_18' title='bbox 340 396 492 453; x_wconf 77' lang='lat' dir='ltr'>pagina</span> <span class='ocrx_word' id='word_1_19' title='bbox 521 390 595 434; x_wconf 74' lang='lat' dir='ltr'><strong>fol.</strong></span> <span class='ocrx_word' id='word_1_20' title='bbox 625 393 698 432; x_wconf 87' lang='grc'><strong>89.</strong></span> <span class='ocrx_word' id='word_1_21' title='bbox 726 387 872 431; x_wconf 77' lang='lat' dir='ltr'><strong>eodem</strong></span> <span class='ocrx_word' id='word_1_22' title='bbox 901 391 1095 432; x_wconf 86' lang='lat' dir='ltr'><strong>caeruleo</strong></span> <span class='ocrx_word' id='word_1_23' title='bbox 1126 392 1338 448; x_wconf 86' lang='lat' dir='ltr'><strong>pigmento</strong></span> <span class='ocrx_word' id='word_1_24' title='bbox 1367 392 1471 434; x_wconf 89' lang='lat' dir='ltr'><strong>haec</strong></span> <span class='ocrx_word' id='word_1_25' title='bbox 1501 391 1734 450; x_wconf 87' lang='lat' dir='ltr'><strong>subscripta</strong></span> <span class='ocrx_word' id='word_1_26' title='bbox 1760 391 1973 448; x_wconf 71' lang='lat' dir='ltr'><strong>legunturt</strong></span> <span class='ocrx_word' id='word_1_27' title='bbox 2034 390 2181 442; x_wconf 68' lang='lat' dir='ltr'><strong>Quinta·</strong></span> <span class='ocrx_word' id='word_1_28' title='bbox 2207 388 2385 432; x_wconf 66' lang='lat' dir='ltr'><strong>Horatii</strong></span> <span class='ocrx_word' id='word_1_29' title='bbox 2410 393 2560 436; x_wconf 58' lang='lat' dir='ltr'><strong>Hace&amp;</strong></span> 
     </span>
     <span class='ocr_line' id='line_1_4' title="bbox 175 456 2555 512; baseline -0.006 -4"><span class='ocrx_word' id='word_1_30' title='bbox 175 464 370 508; x_wconf 60' lang='lat' dir='ltr'><strong>renuam·</strong></span> <span class='ocrx_word' id='word_1_31' title='bbox 398 461 586 502; x_wconf 74' lang='lat' dir='ltr'><strong>odarum</strong></span> <span class='ocrx_word' id='word_1_32' title='bbox 614 457 718 499; x_wconf 67' lang='lat' dir='ltr'><strong>liber</strong></span> <span class='ocrx_word' id='word_1_33' title='bbox 749 456 960 510; x_wconf 62' lang='lat' dir='ltr'><strong>rosacea</strong></span> <span class='ocrx_word' id='word_1_34' title='bbox 979 458 1155 510; x_wconf 64' lang='grc' dir='ltr'><strong>οηιεοεε</strong></span> <span class='ocrx_word' id='word_1_35' title='bbox 1197 458 1291 500; x_wconf 75' lang='lat'><strong>711.</strong></span> <span class='ocrx_word' id='word_1_36' title='bbox 1325 459 1418 501; x_wconf 76' lang='grc' dir='ltr'><strong>σαι.</strong></span> <span class='ocrx_word' id='word_1_37' title='bbox 1445 457 1646 501; x_wconf 65' lang='lat' dir='ltr'><strong>octobre·</strong></span> <span class='ocrx_word' id='word_1_38' title='bbox 1669 459 1754 504; x_wconf 75' lang='grc' dir='ltr'><strong>Μ..</strong></span> <span class='ocrx_word' id='word_1_39' title='bbox 1788 458 1956 500; x_wconf 65' lang='lat' dir='ltr'><strong>&gt;cocco</strong></span> <span class='ocrx_word' id='word_1_40' title='bbox 1986 457 2188 498; x_wconf 74' lang='lat' dir='ltr'><strong>LXVIII.</strong></span> <span class='ocrx_word' id='word_1_41' title='bbox 2213 457 2326 512; x_wconf 60' lang='grc' dir='ltr'><strong>περ.</strong></span> <span class='ocrx_word' id='word_1_42' title='bbox 2341 458 2555 500; x_wconf 51' lang='grc' dir='ltr'><strong>πει...</strong></span> 
     </span>
     <span class='ocr_line' id='line_1_5' title="bbox 172 519 2552 584; baseline -0.001 -13"><span class='ocrx_word' id='word_1_43' title='bbox 172 528 321 579; x_wconf 81' lang='grc' dir='ltr'><em>Τέλῶς</em></span> <span class='ocrx_word' id='word_1_44' title='bbox 347 521 481 569; x_wconf 60' lang='lat' dir='ltr'><strong>’eald&#39;</strong></span> <span class='ocrx_word' id='word_1_45' title='bbox 485 539 508 576; x_wconf 85' lang='grc' dir='ltr'><strong><em>ς</em></strong></span> <span class='ocrx_word' id='word_1_46' title='bbox 537 521 615 582; x_wconf 82' lang='grc' dir='ltr'><strong>εχὴ</strong></span> <span class='ocrx_word' id='word_1_47' title='bbox 646 524 770 579; x_wconf 86' lang='lat' dir='ltr'><strong>(sic).</strong></span> <span class='ocrx_word' id='word_1_48' title='bbox 828 522 879 565; x_wconf 92' lang='lat' dir='ltr'><strong>Iu</strong></span> <span class='ocrx_word' id='word_1_49' title='bbox 910 521 1052 565; x_wconf 82' lang='lat' dir='ltr'><strong>ultima</strong></span> <span class='ocrx_word' id='word_1_50' title='bbox 1096 524 1253 580; x_wconf 84' lang='lat' dir='ltr'><strong>pagina</strong></span> <span class='ocrx_word' id='word_1_51' title='bbox 1282 519 1433 567; x_wconf 84' lang='lat' dir='ltr'><strong>aversa</strong></span> <span class='ocrx_word' id='word_1_52' title='bbox 1461 538 1611 568; x_wconf 91' lang='lat' dir='ltr'><strong>nomen</strong></span> <span class='ocrx_word' id='word_1_53' title='bbox 1647 526 1881 569; x_wconf 80' lang='lat' dir='ltr'><strong>recentiore</strong></span> <span class='ocrx_word' id='word_1_54' title='bbox 1919 530 2102 584; x_wconf 84' lang='lat' dir='ltr'><strong>tempore</strong></span> <span class='ocrx_word' id='word_1_55' title='bbox 2142 525 2335 583; x_wconf 86' lang='lat' dir='ltr'><strong>scriptum</strong></span> <span class='ocrx_word' id='word_1_56' title='bbox 2376 523 2552 582; x_wconf 73' lang='lat' dir='ltr'><strong>legitur:</strong></span> 
     </span>
     <span class='ocr_line' id='line_1_6' title="bbox 173 583 2554 652; baseline -0.002 -12"><span class='ocrx_word' id='word_1_57' title='bbox 173 598 420 652; x_wconf 65' lang='lat' dir='ltr'><strong>Tbrqua’m&#39;us</strong></span> <span class='ocrx_word' id='word_1_58' title='bbox 462 595 669 643; x_wconf 61' lang='lat' dir='ltr'><strong>Gascs&#39;nm·</strong></span> <span class='ocrx_word' id='word_1_59' title='bbox 698 598 740 635; x_wconf 90' lang='lat' dir='ltr'><strong>et</strong></span> <span class='ocrx_word' id='word_1_60' title='bbox 778 592 823 635; x_wconf 91' lang='lat' dir='ltr'><strong>in</strong></span> <span class='ocrx_word' id='word_1_61' title='bbox 861 588 1149 649; x_wconf 86' lang='lat' dir='ltr'><strong>praecedentis</strong></span> <span class='ocrx_word' id='word_1_62' title='bbox 1190 591 1285 632; x_wconf 85' lang='lat' dir='ltr'><strong>folii</strong></span> <span class='ocrx_word' id='word_1_63' title='bbox 1323 593 1480 648; x_wconf 84' lang='lat' dir='ltr'><strong>pagina</strong></span> <span class='ocrx_word' id='word_1_64' title='bbox 1522 593 1699 636; x_wconf 84' lang='lat' dir='ltr'><strong>adversa</strong></span> <span class='ocrx_word' id='word_1_65' title='bbox 1737 583 1893 636; x_wconf 32' lang='lat' dir='ltr'><strong>eadem*</strong></span> <span class='ocrx_word' id='word_1_66' title='bbox 1909 591 2115 637; x_wconf 85' lang='lat' dir='ltr'><strong>Cascinae</strong></span> <span class='ocrx_word' id='word_1_67' title='bbox 2152 607 2270 636; x_wconf 90' lang='lat' dir='ltr'><strong>manu</strong></span> <span class='ocrx_word' id='word_1_68' title='bbox 2300 592 2418 635; x_wconf 85' lang='lat' dir='ltr'><strong>&#39;iuter</strong></span> <span class='ocrx_word' id='word_1_69' title='bbox 2447 592 2554 636; x_wconf 84' lang='lat' dir='ltr'><strong>alia:</strong></span> 
     </span>
     <span class='ocr_line' id='line_1_7' title="bbox 166 657 2557 718; baseline -0.002 -11"><span class='ocrx_word' id='word_1_70' title='bbox 166 666 238 707; x_wconf 82' lang='lat' dir='ltr'><strong>Al·</strong></span> <span class='ocrx_word' id='word_1_71' title='bbox 265 666 397 706; x_wconf 69' lang='lat' dir='ltr'><strong>molto</strong></span> <span class='ocrx_word' id='word_1_72' title='bbox 424 665 649 718; x_wconf 53' lang='lat' dir='ltr'><strong>magnifico</strong></span> <span class='ocrx_word' id='word_1_73' title='bbox 674 664 820 716; x_wconf 69' lang='lat' dir='ltr'><strong>signer</strong></span> <span class='ocrx_word' id='word_1_74' title='bbox 839 662 922 702; x_wconf 76' lang='lat' dir='ltr'><strong>mio</strong></span> <span class='ocrx_word' id='word_1_75' title='bbox 934 657 1031 714; x_wconf 65' lang='lat' dir='ltr'><strong>pke.</strong></span> <span class='ocrx_word' id='word_1_76' title='bbox 1053 671 1132 699; x_wconf 75' lang='lat' dir='ltr'><strong>oss.</strong></span> <span class='ocrx_word' id='word_1_77' title='bbox 1191 657 1384 714; x_wconf 63' lang='lat' dir='ltr'><strong>Pagina</strong></span> <span class='ocrx_word' id='word_1_78' title='bbox 1414 660 1557 700; x_wconf 83' lang='lat' dir='ltr'><strong>omnes</strong></span> <span class='ocrx_word' id='word_1_79' title='bbox 1589 660 1794 718; x_wconf 78' lang='lat' dir='ltr'><strong>simplices</strong></span> <span class='ocrx_word' id='word_1_80' title='bbox 1824 674 2016 703; x_wconf 83' lang='lat' dir='ltr'><strong>versuum</strong></span> <span class='ocrx_word' id='word_1_81' title='bbox 2045 660 2250 704; x_wconf 90' lang='lat' dir='ltr'><strong>columnas</strong></span> <span class='ocrx_word' id='word_1_82' title='bbox 2279 660 2444 715; x_wconf 86' lang='lat' dir='ltr'><strong>habent,</strong></span> <span class='ocrx_word' id='word_1_83' title='bbox 2473 666 2557 703; x_wconf 77' lang='lat' dir='ltr'><strong>non</strong></span> 
     </span>
     <span class='ocr_line' id='line_1_8' title="bbox 166 723 2555 791; baseline -0.001 -16"><span class='ocrx_word' id='word_1_84' title='bbox 166 732 371 791; x_wconf 83' lang='lat' dir='ltr'><strong>duplices3</strong></span> <span class='ocrx_word' id='word_1_85' title='bbox 400 744 594 773; x_wconf 83' lang='lat' dir='ltr'><strong>versuum</strong></span> <span class='ocrx_word' id='word_1_86' title='bbox 623 743 817 772; x_wconf 88' lang='lat' dir='ltr'><strong>numerus</strong></span> <span class='ocrx_word' id='word_1_87' title='bbox 847 728 891 770; x_wconf 89' lang='lat' dir='ltr'><strong>in</strong></span> <span class='ocrx_word' id='word_1_88' title='bbox 921 725 1097 784; x_wconf 84' lang='lat' dir='ltr'><strong>singulis</strong></span> <span class='ocrx_word' id='word_1_89' title='bbox 1129 724 1219 767; x_wconf 85' lang='lat' dir='ltr'><strong>fere</strong></span> <span class='ocrx_word' id='word_1_90' title='bbox 1251 725 1323 767; x_wconf 89' lang='grc'><strong>22.</strong></span> <span class='ocrx_word' id='word_1_91' title='bbox 1382 723 1562 767; x_wconf 88' lang='lat' dir='ltr'><strong>Notulae</strong></span> <span class='ocrx_word' id='word_1_92' title='bbox 1591 727 1748 784; x_wconf 76' lang='lat' dir='ltr'><strong>passim</strong></span> <span class='ocrx_word' id='word_1_93' title='bbox 1787 728 1896 770; x_wconf 89' lang='lat' dir='ltr'><strong>inter</strong></span> <span class='ocrx_word' id='word_1_94' title='bbox 1923 728 2056 772; x_wconf 79' lang='lat' dir='ltr'><strong>lineas</strong></span> <span class='ocrx_word' id='word_1_95' title='bbox 2087 734 2129 771; x_wconf 92' lang='lat' dir='ltr'><strong>et</strong></span> <span class='ocrx_word' id='word_1_96' title='bbox 2156 728 2210 771; x_wconf 90' lang='lat' dir='ltr'><strong>ad</strong></span> <span class='ocrx_word' id='word_1_97' title='bbox 2237 728 2443 787; x_wconf 78' lang='lat' dir='ltr'><strong>margines</strong></span> <span class='ocrx_word' id='word_1_98' title='bbox 2483 728 2555 772; x_wconf 79' lang='lat' dir='ltr'><strong>ad-</strong></span> 
     </span>
     <span class='ocr_line' id='line_1_9' title="bbox 167 792 2554 858; baseline -0.002 -14"><span class='ocrx_word' id='word_1_99' title='bbox 167 801 344 858; x_wconf 81' lang='lat' dir='ltr'><strong>scriptae</strong></span> <span class='ocrx_word' id='word_1_100' title='bbox 375 797 518 842; x_wconf 87' lang='lat' dir='ltr'><strong>eadem</strong></span> <span class='ocrx_word' id='word_1_101' title='bbox 546 812 680 842; x_wconf 89' lang='lat' dir='ltr'><strong>manu.</strong></span> <span class='ocrx_word' id='word_1_102' title='bbox 712 821 770 830; x_wconf 90' lang='lat'>—</span> <span class='ocrx_word' id='word_1_103' title='bbox 798 794 981 853; x_wconf 87' lang='lat' dir='ltr'><strong>Interp</strong></span> <span class='ocrx_word' id='word_1_104' title='bbox 995 793 1174 836; x_wconf 90' lang='lat' dir='ltr'><strong>unctio</strong></span> <span class='ocrx_word' id='word_1_105' title='bbox 1204 792 1341 835; x_wconf 88' lang='lat' dir='ltr'><strong>rarius</strong></span> <span class='ocrx_word' id='word_1_106' title='bbox 1372 796 1569 851; x_wconf 84' lang='lat' dir='ltr'><strong>usurpata</strong></span> <span class='ocrx_word' id='word_1_107' title='bbox 1598 806 1674 851; x_wconf 90' lang='lat' dir='ltr'><strong>per</strong></span> <span class='ocrx_word' id='word_1_108' title='bbox 1701 798 1890 852; x_wconf 88' lang='lat' dir='ltr'><strong>punctum</strong></span> <span class='ocrx_word' id='word_1_109' title='bbox 1920 797 2051 853; x_wconf 88' lang='lat' dir='ltr'><strong>majus</strong></span> <span class='ocrx_word' id='word_1_110' title='bbox 2081 802 2123 839; x_wconf 93' lang='lat' dir='ltr'><strong>et</strong></span> <span class='ocrx_word' id='word_1_111' title='bbox 2150 798 2298 852; x_wconf 88' lang='lat' dir='ltr'><strong>minus,</strong></span> <span class='ocrx_word' id='word_1_112' title='bbox 2330 797 2463 852; x_wconf 90' lang='lat' dir='ltr'><strong>colon,</strong></span> <span class='ocrx_word' id='word_1_113' title='bbox 2492 797 2554 840; x_wconf 88' lang='lat' dir='ltr'><strong>in-</strong></span> 
     </span>
     <span class='ocr_line' id='line_1_10' title="bbox 166 859 2554 925; baseline -0.001 -15"><span class='ocrx_word' id='word_1_114' title='bbox 166 865 408 925; x_wconf 83' lang='lat' dir='ltr'><strong>terrogandi</strong></span> <span class='ocrx_word' id='word_1_115' title='bbox 437 866 601 924; x_wconf 87' lang='lat' dir='ltr'><strong>signum</strong></span> <span class='ocrx_word' id='word_1_116' title='bbox 631 866 731 920; x_wconf 63' lang='grc' dir='ltr'><strong>(μ)</strong></span> <span class='ocrx_word' id='word_1_117' title='bbox 762 862 987 906; x_wconf 86' lang='lat' dir='ltr'><strong>semicolon</strong></span> <span class='ocrx_word' id='word_1_118' title='bbox 1013 861 1082 903; x_wconf 84' lang='lat' dir='ltr'><strong>vel</strong></span> <span class='ocrx_word' id='word_1_119' title='bbox 1110 874 1280 914; x_wconf 91' lang='lat' dir='ltr'><strong>comma,</strong></span> <span class='ocrx_word' id='word_1_120' title='bbox 1309 861 1353 902; x_wconf 91' lang='lat' dir='ltr'><strong>in</strong></span> <span class='ocrx_word' id='word_1_121' title='bbox 1367 860 1473 902; x_wconf 91' lang='lat' dir='ltr'><strong>hunc</strong></span> <span class='ocrx_word' id='word_1_122' title='bbox 1502 859 1661 902; x_wconf 87' lang='lat' dir='ltr'><strong>modum</strong></span> <span class='ocrx_word' id='word_1_123' title='bbox 1679 875 1689 901; x_wconf 74' lang='grc' dir='ltr'>ε</span> <span class='ocrx_word' id='word_1_124' title='bbox 1707 860 1908 911; x_wconf 84' lang='lat' dir='ltr'><strong>Quassas¹</strong></span> <span class='ocrx_word' id='word_1_125' title='bbox 1937 863 2141 906; x_wconf 84' lang='lat' dir='ltr'><strong>indocilis.</strong></span> <span class='ocrx_word' id='word_1_126' title='bbox 2173 864 2330 921; x_wconf 87' lang='lat' dir='ltr'><strong>Sigla</strong></span> <span class='ocrx_word' id='word_1_127' title='bbox 2358 870 2401 907; x_wconf 92' lang='lat' dir='ltr'><strong>et</strong></span> <span class='ocrx_word' id='word_1_128' title='bbox 2429 879 2554 908; x_wconf 89' lang='lat' dir='ltr'><strong>com-</strong></span> 
     </span>
     <span class='ocr_line' id='line_1_11' title="bbox 165 927 2556 997; baseline -0 -20"><span class='ocrx_word' id='word_1_129' title='bbox 165 934 365 997; x_wconf 85' lang='lat' dir='ltr'><strong>pendia</strong></span> <span class='ocrx_word' id='word_1_130' title='bbox 394 932 605 976; x_wconf 85' lang='lat' dir='ltr'><strong>scribendi</strong></span> <span class='ocrx_word' id='word_1_131' title='bbox 642 946 774 992; x_wconf 92' lang='lat' dir='ltr'><strong>pauca</strong></span> <span class='ocrx_word' id='word_1_132' title='bbox 802 936 845 974; x_wconf 92' lang='lat' dir='ltr'><strong>et</strong></span> <span class='ocrx_word' id='word_1_133' title='bbox 882 930 1049 973; x_wconf 85' lang='lat' dir='ltr'><strong>usitata.</strong></span> <span class='ocrx_word' id='word_1_134' title='bbox 1078 928 1183 971; x_wconf 88' lang='lat' dir='ltr'><strong>Litt.</strong></span> <span class='ocrx_word' id='word_1_135' title='bbox 1215 943 1238 971; x_wconf 93' lang='lat' dir='ltr'><strong>e</strong></span> <span class='ocrx_word' id='word_1_136' title='bbox 1267 928 1334 971; x_wconf 86' lang='lat' dir='ltr'><strong>vel</strong></span> <span class='ocrx_word' id='word_1_137' title='bbox 1364 943 1392 992; x_wconf 63' lang='grc' dir='ltr'><em>ᾳ</em></span> <span class='ocrx_word' id='word_1_138' title='bbox 1427 941 1503 986; x_wconf 87' lang='lat' dir='ltr'><strong>pro</strong></span> <span class='ocrx_word' id='word_1_139' title='bbox 1545 941 1624 982; x_wconf 85' lang='lat' dir='ltr'><strong>ae,</strong></span> <span class='ocrx_word' id='word_1_140' title='bbox 1656 940 1717 970; x_wconf 90' lang='lat' dir='ltr'><strong>oe</strong></span> <span class='ocrx_word' id='word_1_141' title='bbox 1745 927 1908 985; x_wconf 87' lang='lat' dir='ltr'><strong>ubique,</strong></span> <span class='ocrx_word' id='word_1_142' title='bbox 1939 929 1955 970; x_wconf 90' lang='lat' dir='ltr'><strong>i</strong></span> <span class='ocrx_word' id='word_1_143' title='bbox 1983 929 2051 971; x_wconf 87' lang='lat' dir='ltr'><strong>vel</strong></span> <span class='ocrx_word' id='word_1_144' title='bbox 2078 944 2221 988; x_wconf 87' lang='lat' dir='ltr'><strong>purum</strong></span> <span class='ocrx_word' id='word_1_145' title='bbox 2249 946 2281 987; x_wconf 89' lang='lat'><strong>1,</strong></span> <span class='ocrx_word' id='word_1_146' title='bbox 2310 932 2378 975; x_wconf 86' lang='lat' dir='ltr'><strong>vel</strong></span> <span class='ocrx_word' id='word_1_147' title='bbox 2404 939 2556 991; x_wconf 86' lang='lat' dir='ltr'><strong>puncto</strong></span> 
     </span>
     <span class='ocr_line' id='line_1_12' title="bbox 164 993 2555 1059; baseline -0.001 -13"><span class='ocrx_word' id='word_1_148' title='bbox 164 1007 345 1047; x_wconf 89' lang='lat' dir='ltr'><strong>notatum</strong></span> <span class='ocrx_word' id='word_1_149' title='bbox 360 1002 399 1054; x_wconf 86' lang='lat' dir='ltr'><strong>i;</strong></span> <span class='ocrx_word' id='word_1_150' title='bbox 429 1000 463 1044; x_wconf 76' lang='lat' dir='ltr'>fl</span> <span class='ocrx_word' id='word_1_151' title='bbox 486 1001 723 1059; x_wconf 87' lang='lat' dir='ltr'><strong>plerumque</strong></span> <span class='ocrx_word' id='word_1_152' title='bbox 739 1003 931 1042; x_wconf 90' lang='lat' dir='ltr'><strong>accentus</strong></span> <span class='ocrx_word' id='word_1_153' title='bbox 947 998 1109 1040; x_wconf 85' lang='lat' dir='ltr'><strong>habent.</strong></span> <span class='ocrx_word' id='word_1_154' title='bbox 1141 995 1269 1054; x_wconf 74' lang='lat' dir='ltr'><strong>d&#39;cpro</strong></span> <span class='ocrx_word' id='word_1_155' title='bbox 1290 1001 1341 1038; x_wconf 89' lang='lat' dir='ltr'><strong>et</strong></span> <span class='ocrx_word' id='word_1_156' title='bbox 1361 996 1610 1053; x_wconf 87' lang='lat' dir='ltr'><strong>frequenter.</strong></span> <span class='ocrx_word' id='word_1_157' title='bbox 1640 1019 1695 1041; x_wconf 88' lang='lat'><strong>-.-</strong></span> <span class='ocrx_word' id='word_1_158' title='bbox 1726 993 2133 1054; x_wconf 82' lang='lat' dir='ltr'><strong>Orthographia</strong></span> <span class='ocrx_word' id='word_1_159' title='bbox 2161 1012 2342 1043; x_wconf 82' lang='lat' dir='ltr'><strong>vocum</strong></span> <span class='ocrx_word' id='word_1_160' title='bbox 2369 998 2555 1059; x_wconf 85' lang='lat' dir='ltr'><strong>vulgaris</strong></span> 
     </span>
     <span class='ocr_line' id='line_1_13' title="bbox 163 1062 2555 1124; baseline -0.001 -11"><span class='ocrx_word' id='word_1_161' title='bbox 163 1072 275 1114; x_wconf 89' lang='lat' dir='ltr'><strong>illius</strong></span> <span class='ocrx_word' id='word_1_162' title='bbox 314 1069 491 1121; x_wconf 82' lang='lat' dir='ltr'><strong>aetatis3</strong></span> <span class='ocrx_word' id='word_1_163' title='bbox 533 1067 655 1111; x_wconf 89' lang='lat' dir='ltr'><strong>modo</strong></span> <span class='ocrx_word' id='word_1_164' title='bbox 694 1072 916 1120; x_wconf 86' lang='lat' dir='ltr'><strong>notamus,</strong></span> <span class='ocrx_word' id='word_1_165' title='bbox 955 1066 998 1107; x_wconf 90' lang='lat' dir='ltr'><strong>in</strong></span> <span class='ocrx_word' id='word_1_166' title='bbox 1026 1064 1106 1106; x_wconf 90' lang='lat' dir='ltr'><strong>hoc</strong></span> <span class='ocrx_word' id='word_1_167' title='bbox 1147 1062 1289 1105; x_wconf 91' lang='lat' dir='ltr'><strong>codice</strong></span> <span class='ocrx_word' id='word_1_168' title='bbox 1326 1062 1615 1105; x_wconf 82' lang='lat' dir='ltr'><strong>Maecenas</strong></span> <span class='ocrx_word' id='word_1_169' title='bbox 1647 1075 1809 1120; x_wconf 84' lang='lat' dir='ltr'><strong>semper</strong></span> <span class='ocrx_word' id='word_1_170' title='bbox 1840 1063 1992 1117; x_wconf 87' lang='lat' dir='ltr'><strong>scribi,</strong></span> <span class='ocrx_word' id='word_1_171' title='bbox 2023 1068 2066 1104; x_wconf 90' lang='lat' dir='ltr'><strong>et</strong></span> <span class='ocrx_word' id='word_1_172' title='bbox 2094 1064 2195 1106; x_wconf 91' lang='lat' dir='ltr'><strong>heu</strong></span> <span class='ocrx_word' id='word_1_173' title='bbox 2223 1080 2300 1124; x_wconf 89' lang='lat' dir='ltr'><strong>pro</strong></span> <span class='ocrx_word' id='word_1_174' title='bbox 2330 1068 2477 1110; x_wconf 90' lang='lat' dir='ltr'><strong>eheu.</strong></span> <span class='ocrx_word' id='word_1_175' title='bbox 2502 1092 2555 1100; x_wconf 88' lang='lat'><strong>-—-</strong></span> 
     </span>
     <span class='ocr_line' id='line_1_14' title="bbox 166 1129 2556 1196; baseline -0.002 -14"><span class='ocrx_word' id='word_1_176' title='bbox 166 1140 243 1182; x_wconf 85' lang='lat' dir='ltr'><strong>Le</strong></span> <span class='ocrx_word' id='word_1_177' title='bbox 256 1138 366 1182; x_wconf 89' lang='lat' dir='ltr'><strong>ctio</strong></span> <span class='ocrx_word' id='word_1_178' title='bbox 385 1137 438 1196; x_wconf 88' lang='lat' dir='ltr'><strong>ip</strong></span> <span class='ocrx_word' id='word_1_179' title='bbox 452 1151 509 1180; x_wconf 88' lang='lat' dir='ltr'><strong>sa</strong></span> <span class='ocrx_word' id='word_1_180' title='bbox 537 1149 612 1194; x_wconf 89' lang='lat' dir='ltr'><strong>pro</strong></span> <span class='ocrx_word' id='word_1_181' title='bbox 643 1134 713 1176; x_wconf 90' lang='lat' dir='ltr'><strong>illa</strong></span> <span class='ocrx_word' id='word_1_182' title='bbox 743 1138 880 1176; x_wconf 86' lang='lat' dir='ltr'><strong>aetate</strong></span> <span class='ocrx_word' id='word_1_183' title='bbox 910 1132 1012 1176; x_wconf 87' lang='lat' dir='ltr'><strong>satis</strong></span> <span class='ocrx_word' id='word_1_184' title='bbox 1032 1131 1141 1174; x_wconf 92' lang='lat' dir='ltr'><strong>bona</strong></span> <span class='ocrx_word' id='word_1_185' title='bbox 1162 1137 1204 1174; x_wconf 91' lang='lat' dir='ltr'><strong>et</strong></span> <span class='ocrx_word' id='word_1_186' title='bbox 1221 1135 1351 1186; x_wconf 90' lang='lat' dir='ltr'><strong>recta,</strong></span> <span class='ocrx_word' id='word_1_187' title='bbox 1381 1130 1487 1173; x_wconf 90' lang='lat' dir='ltr'><strong>haud</strong></span> <span class='ocrx_word' id='word_1_188' title='bbox 1506 1143 1637 1189; x_wconf 92' lang='lat' dir='ltr'><strong>pauca</strong></span> <span class='ocrx_word' id='word_1_189' title='bbox 1657 1129 1779 1173; x_wconf 91' lang='lat' dir='ltr'><strong>habet</strong></span> <span class='ocrx_word' id='word_1_190' title='bbox 1793 1130 1965 1189; x_wconf 89' lang='lat' dir='ltr'><strong>propria</strong></span> <span class='ocrx_word' id='word_1_191' title='bbox 1981 1131 2227 1188; x_wconf 77' lang='lat' dir='ltr'><strong>cognitaque</strong></span> <span class='ocrx_word' id='word_1_192' title='bbox 2246 1132 2397 1191; x_wconf 79' lang='lat' dir='ltr'><strong>digna3</strong></span> <span class='ocrx_word' id='word_1_193' title='bbox 2427 1148 2556 1192; x_wconf 81' lang='lat' dir='ltr'><strong>eaque</strong></span> 
     </span>
     <span class='ocr_line' id='line_1_15' title="bbox 168 1197 2555 1265; baseline -0.002 -16"><span class='ocrx_word' id='word_1_194' title='bbox 168 1220 224 1250; x_wconf 84' lang='lat' dir='ltr'><strong>ex</strong></span> <span class='ocrx_word' id='word_1_195' title='bbox 247 1205 381 1265; x_wconf 90' lang='lat' dir='ltr'><strong>copiis</strong></span> <span class='ocrx_word' id='word_1_196' title='bbox 410 1203 568 1246; x_wconf 85' lang='lat' dir='ltr'><strong>nostris</strong></span> <span class='ocrx_word' id='word_1_197' title='bbox 598 1201 719 1260; x_wconf 90' lang='lat' dir='ltr'><strong>paulo</strong></span> <span class='ocrx_word' id='word_1_198' title='bbox 741 1199 979 1257; x_wconf 87' lang='lat' dir='ltr'><strong>diligentius</strong></span> <span class='ocrx_word' id='word_1_199' title='bbox 1000 1203 1195 1257; x_wconf 85' lang='lat' dir='ltr'><strong>excerpta</strong></span> <span class='ocrx_word' id='word_1_200' title='bbox 1212 1199 1437 1240; x_wconf 88' lang='lat' dir='ltr'><strong>lectoribus</strong></span> <span class='ocrx_word' id='word_1_201' title='bbox 1458 1199 1524 1240; x_wconf 87' lang='lat' dir='ltr'><strong>hic</strong></span> <span class='ocrx_word' id='word_1_202' title='bbox 1542 1197 1755 1251; x_wconf 89' lang='lat' dir='ltr'><strong>tradimus,-</strong></span> <span class='ocrx_word' id='word_1_203' title='bbox 1786 1197 1892 1254; x_wconf 92' lang='lat' dir='ltr'><strong>quod</strong></span> <span class='ocrx_word' id='word_1_204' title='bbox 1906 1197 1942 1239; x_wconf 89' lang='lat' dir='ltr'>B</span> <span class='ocrx_word' id='word_1_205' title='bbox 1956 1199 2191 1241; x_wconf 89' lang='lat' dir='ltr'><strong>raunhar</strong></span> <span class='ocrx_word' id='word_1_206' title='bbox 2204 1199 2263 1242; x_wconf 86' lang='lat' dir='ltr'><strong>du</strong></span> <span class='ocrx_word' id='word_1_207' title='bbox 2276 1214 2314 1255; x_wconf 91' lang='lat' dir='ltr'><strong>s,</strong></span> <span class='ocrx_word' id='word_1_208' title='bbox 2343 1200 2399 1245; x_wconf 84' lang='lat' dir='ltr'><strong>V.</strong></span> <span class='ocrx_word' id='word_1_209' title='bbox 2414 1202 2473 1247; x_wconf 85' lang='lat'>1).</span> <span class='ocrx_word' id='word_1_210' title='bbox 2488 1202 2555 1259; x_wconf 84' lang='lat' dir='ltr'><strong>qui</strong></span> 
     </span>
     <span class='ocr_line' id='line_1_16' title="bbox 167 1263 2552 1326; baseline -0.002 -9"><span class='ocrx_word' id='word_1_211' title='bbox 167 1275 212 1317; x_wconf 90' lang='lat' dir='ltr'><strong>in</strong></span> <span class='ocrx_word' id='word_1_212' title='bbox 230 1273 414 1316; x_wconf 90' lang='lat' dir='ltr'><strong>Praefat.</strong></span> <span class='ocrx_word' id='word_1_213' title='bbox 444 1270 495 1312; x_wconf 91' lang='lat' dir='ltr'><strong>ad</strong></span> <span class='ocrx_word' id='word_1_214' title='bbox 523 1268 628 1312; x_wconf 89' lang='lat' dir='ltr'><strong>Hor.</strong></span> <span class='ocrx_word' id='word_1_215' title='bbox 660 1282 790 1326; x_wconf 91' lang='lat' dir='ltr'><strong>opera</strong></span> <span class='ocrx_word' id='word_1_216' title='bbox 818 1267 942 1325; x_wconf 89' lang='lat' dir='ltr'><strong>Lips.</strong></span> <span class='ocrx_word' id='word_1_217' title='bbox 973 1268 1099 1310; x_wconf 76' lang='grc'><strong>1833.</strong></span> <span class='ocrx_word' id='word_1_218' title='bbox 1132 1271 1233 1308; x_wconf 89' lang='lat' dir='ltr'><strong>sect.</strong></span> <span class='ocrx_word' id='word_1_219' title='bbox 1262 1265 1295 1308; x_wconf 93' lang='lat'>1.</span> <span class='ocrx_word' id='word_1_220' title='bbox 1327 1280 1368 1324; x_wconf 89' lang='lat' dir='ltr'><strong>p.</strong></span> <span class='ocrx_word' id='word_1_221' title='bbox 1398 1264 1473 1311; x_wconf 88' lang='lat' dir='ltr'><strong>vl.</strong></span> <span class='ocrx_word' id='word_1_222' title='bbox 1503 1265 1609 1308; x_wconf 88' lang='lat' dir='ltr'><strong>hunc</strong></span> <span class='ocrx_word' id='word_1_223' title='bbox 1637 1263 1781 1308; x_wconf 89' lang='lat' dir='ltr'><strong>librum</strong></span> <span class='ocrx_word' id='word_1_224' title='bbox 1811 1266 1982 1324; x_wconf 87' lang='lat' dir='ltr'><strong>primum</strong></span> <span class='ocrx_word' id='word_1_225' title='bbox 2013 1280 2060 1309; x_wconf 90' lang='lat' dir='ltr'><strong>se</strong></span> <span class='ocrx_word' id='word_1_226' title='bbox 2091 1266 2316 1311; x_wconf 85' lang='lat' dir='ltr'><strong>contulisse</strong></span> <span class='ocrx_word' id='word_1_227' title='bbox 2336 1267 2552 1326; x_wconf 84' lang='lat' dir='ltr'><strong>gloriatur,</strong></span> 
     </span>
     <span class='ocr_line' id='line_1_17' title="bbox 168 1332 2556 1395; baseline -0.002 -11"><span class='ocrx_word' id='word_1_228' title='bbox 168 1355 253 1384; x_wconf 88' lang='lat' dir='ltr'><strong>non</strong></span> <span class='ocrx_word' id='word_1_229' title='bbox 285 1341 439 1395; x_wconf 87' lang='lat' dir='ltr'><strong>justam</strong></span> <span class='ocrx_word' id='word_1_230' title='bbox 477 1338 521 1380; x_wconf 87' lang='lat' dir='ltr'><strong>in</strong></span> <span class='ocrx_word' id='word_1_231' title='bbox 545 1334 800 1379; x_wconf 84' lang='lat' dir='ltr'><strong>conferendo</strong></span> <span class='ocrx_word' id='word_1_232' title='bbox 824 1349 962 1377; x_wconf 88' lang='lat' dir='ltr'><strong>curam</strong></span> <span class='ocrx_word' id='word_1_233' title='bbox 986 1335 1027 1376; x_wconf 93' lang='lat' dir='ltr'><strong>ei</strong></span> <span class='ocrx_word' id='word_1_234' title='bbox 1055 1334 1211 1388; x_wconf 83' lang='lat' dir='ltr'><strong>tribuit,</strong></span> <span class='ocrx_word' id='word_1_235' title='bbox 1243 1334 1331 1376; x_wconf 88' lang='lat' dir='ltr'><strong>sive</strong></span> <span class='ocrx_word' id='word_1_236' title='bbox 1361 1333 1405 1375; x_wconf 91' lang='lat' dir='ltr'><strong>in</strong></span> <span class='ocrx_word' id='word_1_237' title='bbox 1436 1346 1563 1392; x_wconf 89' lang='lat' dir='ltr'><strong>opere</strong></span> <span class='ocrx_word' id='word_1_238' title='bbox 1592 1332 1843 1392; x_wconf 88' lang='lat' dir='ltr'><strong>perficiendo</strong></span> <span class='ocrx_word' id='word_1_239' title='bbox 1861 1334 1982 1376; x_wconf 87' lang='lat' dir='ltr'><strong>nimis</strong></span> <span class='ocrx_word' id='word_1_240' title='bbox 2012 1333 2233 1389; x_wconf 77' lang='lat' dir='ltr'><strong>festinans,</strong></span> <span class='ocrx_word' id='word_1_241' title='bbox 2263 1335 2354 1378; x_wconf 84' lang='lat' dir='ltr'><strong>sive</strong></span> <span class='ocrx_word' id='word_1_242' title='bbox 2384 1335 2456 1379; x_wconf 88' lang='lat' dir='ltr'><strong>tali</strong></span> <span class='ocrx_word' id='word_1_243' title='bbox 2481 1351 2556 1380; x_wconf 88' lang='lat' dir='ltr'><strong>ne-</strong></span> 
     </span>
     <span class='ocr_line' id='line_1_18' title="bbox 168 1399 2554 1466; baseline -0.001 -17"><span class='ocrx_word' id='word_1_244' title='bbox 168 1407 286 1466; x_wconf 89' lang='lat' dir='ltr'><strong>gotio</strong></span> <span class='ocrx_word' id='word_1_245' title='bbox 326 1406 459 1448; x_wconf 87' lang='lat' dir='ltr'><strong>minus</strong></span> <span class='ocrx_word' id='word_1_246' title='bbox 499 1408 706 1446; x_wconf 88' lang='lat' dir='ltr'><strong>assuetus.</strong></span> <span class='ocrx_word' id='word_1_247' title='bbox 765 1400 904 1454; x_wconf 88' lang='lat' dir='ltr'><strong>Quare</strong></span> <span class='ocrx_word' id='word_1_248' title='bbox 941 1401 986 1444; x_wconf 91' lang='lat' dir='ltr'><strong>in</strong></span> <span class='ocrx_word' id='word_1_249' title='bbox 1023 1400 1267 1443; x_wconf 88' lang='lat' dir='ltr'><strong>lectionibus</strong></span> <span class='ocrx_word' id='word_1_250' title='bbox 1297 1400 1418 1457; x_wconf 88' lang='lat' dir='ltr'><strong>hujus</strong></span> <span class='ocrx_word' id='word_1_251' title='bbox 1449 1399 1605 1442; x_wconf 89' lang='lat' dir='ltr'><strong>codicis</strong></span> <span class='ocrx_word' id='word_1_252' title='bbox 1638 1400 1949 1443; x_wconf 84' lang='lat' dir='ltr'><strong>notabilioribus</strong></span> <span class='ocrx_word' id='word_1_253' title='bbox 1979 1401 2212 1444; x_wconf 81' lang='lat' dir='ltr'><strong>referendis</strong></span> <span class='ocrx_word' id='word_1_254' title='bbox 2241 1415 2328 1445; x_wconf 87' lang='lat' dir='ltr'><strong>non</strong></span> <span class='ocrx_word' id='word_1_255' title='bbox 2355 1415 2455 1460; x_wconf 81' lang='lat' dir='ltr'><strong>quas</strong></span> <span class='ocrx_word' id='word_1_256' title='bbox 2484 1404 2554 1446; x_wconf 88' lang='lat' dir='ltr'><strong>ille</strong></span> 
     </span>
     <span class='ocr_line' id='line_1_19' title="bbox 167 1467 2558 1531; baseline -0.001 -14"><span class='ocrx_word' id='word_1_257' title='bbox 167 1474 327 1528; x_wconf 84' lang='lat' dir='ltr'><strong>omisit,</strong></span> <span class='ocrx_word' id='word_1_258' title='bbox 359 1472 436 1516; x_wconf 92' lang='lat' dir='ltr'><strong>sed</strong></span> <span class='ocrx_word' id='word_1_259' title='bbox 464 1486 566 1530; x_wconf 87' lang='lat' dir='ltr'><strong>quas</strong></span> <span class='ocrx_word' id='word_1_260' title='bbox 603 1472 649 1514; x_wconf 88' lang='lat' dir='ltr'><strong>in</strong></span> <span class='ocrx_word' id='word_1_261' title='bbox 679 1471 791 1513; x_wconf 87' lang='lat' dir='ltr'><strong>notis</strong></span> <span class='ocrx_word' id='word_1_262' title='bbox 834 1483 935 1511; x_wconf 81' lang='lat' dir='ltr'><strong>vere</strong></span> <span class='ocrx_word' id='word_1_263' title='bbox 965 1468 1113 1523; x_wconf 85' lang='lat' dir='ltr'><strong>attulit,</strong></span> <span class='ocrx_word' id='word_1_264' title='bbox 1145 1469 1349 1511; x_wconf 87' lang='lat' dir='ltr'><strong>asterisco</strong></span> <span class='ocrx_word' id='word_1_265' title='bbox 1379 1474 1526 1511; x_wconf 89' lang='lat' dir='ltr'><strong>notare</strong></span> <span class='ocrx_word' id='word_1_266' title='bbox 1557 1469 1686 1511; x_wconf 88' lang='lat' dir='ltr'><strong>satius</strong></span> <span class='ocrx_word' id='word_1_267' title='bbox 1717 1468 1921 1515; x_wconf 84' lang='lat' dir='ltr'><strong>duximus.</strong></span> <span class='ocrx_word' id='word_1_268' title='bbox 1948 1467 1984 1512; x_wconf 88' lang='lat' dir='ltr'><strong>I.</strong></span> <span class='ocrx_word' id='word_1_269' title='bbox 2016 1468 2093 1514; x_wconf 83' lang='lat' dir='ltr'><strong>Od.</strong></span> <span class='ocrx_word' id='word_1_270' title='bbox 2122 1472 2167 1524; x_wconf 79' lang='grc'><strong>3,</strong></span> <span class='ocrx_word' id='word_1_271' title='bbox 2195 1472 2267 1514; x_wconf 78' lang='grc'><strong>66.</strong></span> <span class='ocrx_word' id='word_1_272' title='bbox 2298 1470 2558 1531; x_wconf 85' lang='lat' dir='ltr'><strong>Prorupit</strong></span> 
     </span>
     <span class='ocr_line' id='line_1_20' title="bbox 165 1535 2555 1596; baseline -0.001 -11"><span class='ocrx_word' id='word_1_273' title='bbox 165 1542 422 1585; x_wconf 79' lang='lat' dir='ltr'><strong>Acheronta.</strong></span> <span class='ocrx_word' id='word_1_274' title='bbox 451 1543 497 1595; x_wconf 98' lang='grc'><strong>6,</strong></span> <span class='ocrx_word' id='word_1_275' title='bbox 526 1541 597 1582; x_wconf 85' lang='grc'><strong>16.</strong></span> <span class='ocrx_word' id='word_1_276' title='bbox 628 1538 805 1596; x_wconf 81' lang='lat' dir='ltr'><strong>Nigrum</strong></span> <span class='ocrx_word' id='word_1_277' title='bbox 833 1550 1150 1580; x_wconf 89' lang='lat' dir='ltr'><strong>memnonem</strong></span> <span class='ocrx_word' id='word_1_278' title='bbox 1179 1537 1237 1591; x_wconf 86' lang='lat' dir='ltr'><strong>(c.</strong></span> <span class='ocrx_word' id='word_1_279' title='bbox 1257 1535 1374 1579; x_wconf 89' lang='lat' dir='ltr'><strong>Flor.</strong></span> <span class='ocrx_word' id='word_1_280' title='bbox 1403 1537 1525 1589; x_wconf 87' lang='grc'><strong>482.)</strong></span> <span class='ocrx_word' id='word_1_281' title='bbox 1552 1538 1597 1591; x_wconf 92' lang='grc'><strong>7,</strong></span> <span class='ocrx_word' id='word_1_282' title='bbox 1630 1538 1686 1580; x_wconf 88' lang='grc'><strong>14</strong></span> <span class='ocrx_word' id='word_1_283' title='bbox 1715 1536 2004 1582; x_wconf 86' lang='lat' dir='ltr'><strong>mollibus.*</strong></span> <span class='ocrx_word' id='word_1_284' title='bbox 2017 1538 2092 1583; x_wconf 77' lang='lat'><strong>82.</strong></span> <span class='ocrx_word' id='word_1_285' title='bbox 2120 1538 2457 1584; x_wconf 55' lang='lat' dir='ltr'><strong>iterabitur?</strong></span> <span class='ocrx_word' id='word_1_286' title='bbox 2484 1543 2555 1595; x_wconf 90' lang='grc'><strong>11,</strong></span> 
     </span>
     <span class='ocr_line' id='line_1_21' title="bbox 166 1602 2556 1667; baseline -0.001 -14"><span class='ocrx_word' id='word_1_287' title='bbox 166 1613 206 1654; x_wconf 92' lang='grc'><strong>1.</strong></span> <span class='ocrx_word' id='word_1_288' title='bbox 234 1622 382 1667; x_wconf 90' lang='lat' dir='ltr'><strong>quem</strong></span> <span class='ocrx_word' id='word_1_289' title='bbox 420 1608 550 1661; x_wconf 87' lang='lat' dir='ltr'><strong>tibi,</strong></span> <span class='ocrx_word' id='word_1_290' title='bbox 591 1620 732 1663; x_wconf 90' lang='lat' dir='ltr'><strong>quem</strong></span> <span class='ocrx_word' id='word_1_291' title='bbox 770 1606 907 1648; x_wconf 92' lang='lat' dir='ltr'><strong>mihi.</strong></span> <span class='ocrx_word' id='word_1_292' title='bbox 937 1608 978 1647; x_wconf 93' lang='grc'><strong>6.</strong></span> <span class='ocrx_word' id='word_1_293' title='bbox 1010 1603 1233 1662; x_wconf 87' lang='lat' dir='ltr'><strong>sapies.*</strong></span> <span class='ocrx_word' id='word_1_294' title='bbox 1254 1605 1333 1657; x_wconf 84' lang='lat'>12,</span> <span class='ocrx_word' id='word_1_295' title='bbox 1363 1605 1433 1646; x_wconf 88' lang='lat'><strong>14.</strong></span> <span class='ocrx_word' id='word_1_296' title='bbox 1463 1604 1530 1660; x_wconf 91' lang='lat' dir='ltr'><strong>qui</strong></span> <span class='ocrx_word' id='word_1_297' title='bbox 1558 1604 1757 1647; x_wconf 80' lang='lat' dir='ltr'><strong>rex.*15.</strong></span> <span class='ocrx_word' id='word_1_298' title='bbox 1789 1602 1869 1656; x_wconf 88' lang='lat' dir='ltr'><strong>Qui</strong></span> <span class='ocrx_word' id='word_1_299' title='bbox 1897 1619 2009 1647; x_wconf 87' lang='lat' dir='ltr'><strong>mare</strong></span> <span class='ocrx_word' id='word_1_300' title='bbox 2039 1610 2124 1647; x_wconf 88' lang='lat' dir='ltr'><strong>aut</strong></span> <span class='ocrx_word' id='word_1_301' title='bbox 2152 1610 2358 1649; x_wconf 90' lang='lat' dir='ltr'><strong>terram.</strong></span> <span class='ocrx_word' id='word_1_302' title='bbox 2388 1608 2459 1662; x_wconf 89' lang='grc'><strong>16,</strong></span> <span class='ocrx_word' id='word_1_303' title='bbox 2487 1609 2556 1651; x_wconf 75' lang='grc'><strong>82.</strong></span> 
     </span>
     <span class='ocr_line' id='line_1_22' title="bbox 163 1671 2555 1734; baseline -0.001 -13"><span class='ocrx_word' id='word_1_304' title='bbox 163 1678 261 1721; x_wconf 88' lang='lat' dir='ltr'><strong>Non</strong></span> <span class='ocrx_word' id='word_1_305' title='bbox 297 1678 430 1720; x_wconf 87' lang='lat' dir='ltr'><strong>haec</strong></span> <span class='ocrx_word' id='word_1_306' title='bbox 467 1676 692 1734; x_wconf 79' lang='lat' dir='ltr'><strong>pollicituS.</strong></span> <span class='ocrx_word' id='word_1_307' title='bbox 735 1677 814 1728; x_wconf 91' lang='grc'><strong>16,</strong></span> <span class='ocrx_word' id='word_1_308' title='bbox 858 1676 901 1716; x_wconf 94' lang='grc'><strong>2.</strong></span> <span class='ocrx_word' id='word_1_309' title='bbox 935 1671 1066 1725; x_wconf 89' lang='lat' dir='ltr'><strong>Quem</strong></span> <span class='ocrx_word' id='word_1_310' title='bbox 1109 1671 1569 1728; x_wconf 78' lang='lat' dir='ltr'><strong>lachrymosis.*6.</strong></span> <span class='ocrx_word' id='word_1_311' title='bbox 1607 1678 1809 1715; x_wconf 89' lang='lat' dir='ltr'><strong>mentes</strong></span> <span class='ocrx_word' id='word_1_312' title='bbox 1853 1672 2122 1716; x_wconf 86' lang='lat' dir='ltr'><strong>sacerdotum.</strong></span> <span class='ocrx_word' id='word_1_313' title='bbox 2155 1676 2226 1729; x_wconf 93' lang='lat'>17,</span> <span class='ocrx_word' id='word_1_314' title='bbox 2258 1673 2328 1721; x_wconf 83' lang='grc'><strong>19.</strong></span> <span class='ocrx_word' id='word_1_315' title='bbox 2356 1674 2555 1718; x_wconf 87' lang='lat' dir='ltr'><strong>Disces</strong></span> 
     </span>
     <span class='ocr_line' id='line_1_23' title="bbox 165 1738 2555 1799; baseline -0.001 -10"><span class='ocrx_word' id='word_1_316' title='bbox 165 1746 416 1789; x_wconf 55' lang='lat' dir='ltr'><strong>laborante&amp;</strong></span> <span class='ocrx_word' id='word_1_317' title='bbox 445 1746 530 1797; x_wconf 88' lang='grc'><strong>21,</strong></span> <span class='ocrx_word' id='word_1_318' title='bbox 568 1746 612 1786; x_wconf 98' lang='grc'><strong>4.</strong></span> <span class='ocrx_word' id='word_1_319' title='bbox 641 1740 846 1784; x_wconf 90' lang='lat' dir='ltr'><strong>Dilectam</strong></span> <span class='ocrx_word' id='word_1_320' title='bbox 884 1740 1047 1799; x_wconf 83' lang='lat' dir='ltr'><strong>penitus</strong></span> <span class='ocrx_word' id='word_1_321' title='bbox 1077 1738 1223 1782; x_wconf 87' lang='lat' dir='ltr'><strong>Jove.</strong></span> <span class='ocrx_word' id='word_1_322' title='bbox 1253 1740 1326 1793; x_wconf 89' lang='grc'><strong>28,</strong></span> <span class='ocrx_word' id='word_1_323' title='bbox 1355 1741 1397 1782; x_wconf 91' lang='grc'><strong>9.</strong></span> <span class='ocrx_word' id='word_1_324' title='bbox 1425 1738 1570 1781; x_wconf 89' lang='lat' dir='ltr'><strong>Minos</strong></span> <span class='ocrx_word' id='word_1_325' title='bbox 1614 1739 1819 1782; x_wconf 90' lang='lat' dir='ltr'><strong>admotu</strong></span> <span class='ocrx_word' id='word_1_326' title='bbox 1832 1741 1889 1783; x_wconf 83' lang='lat' dir='ltr'><strong>s.*</strong></span> <span class='ocrx_word' id='word_1_327' title='bbox 1903 1743 1976 1795; x_wconf 74' lang='lat'><strong>8⁶,</strong></span> <span class='ocrx_word' id='word_1_328' title='bbox 2008 1743 2075 1784; x_wconf 91' lang='grc'><strong>19.</strong></span> <span class='ocrx_word' id='word_1_329' title='bbox 2105 1741 2416 1785; x_wconf 86' lang='lat' dir='ltr'><strong>Divellatur</strong></span> <span class='ocrx_word' id='word_1_330' title='bbox 2445 1743 2555 1786; x_wconf 86' lang='lat' dir='ltr'><strong>adul-</strong></span> 
     </span>
     <span class='ocr_line' id='line_1_24' title="bbox 170 1804 2557 1865; baseline -0 -9"><span class='ocrx_word' id='word_1_331' title='bbox 170 1822 277 1856; x_wconf 83' lang='lat' dir='ltr'><strong>tero.</strong></span> <span class='ocrx_word' id='word_1_332' title='bbox 303 1813 379 1865; x_wconf 74' lang='lat'><strong>88,</strong></span> <span class='ocrx_word' id='word_1_333' title='bbox 406 1813 449 1853; x_wconf 88' lang='grc'><strong>8.</strong></span> <span class='ocrx_word' id='word_1_334' title='bbox 478 1811 680 1853; x_wconf 86' lang='lat' dir='ltr'><strong>bibentem</strong></span> <span class='ocrx_word' id='word_1_335' title='bbox 708 1807 838 1854; x_wconf 85' lang='lat' dir='ltr'><strong>Vite</strong></span> <span class='ocrx_word' id='word_1_336' title='bbox 876 1808 969 1850; x_wconf 90' lang='lat' dir='ltr'><strong>sub</strong></span> <span class='ocrx_word' id='word_1_337' title='bbox 1001 1810 1164 1850; x_wconf 91' lang='lat' dir='ltr'><strong>arcta.</strong></span> <span class='ocrx_word' id='word_1_338' title='bbox 1194 1805 1253 1850; x_wconf 88' lang='lat'><strong>11.</strong></span> <span class='ocrx_word' id='word_1_339' title='bbox 1283 1804 1361 1848; x_wconf 85' lang='lat' dir='ltr'><strong>Od.</strong></span> <span class='ocrx_word' id='word_1_340' title='bbox 1396 1808 1465 1861; x_wconf 88' lang='grc'><strong>12,</strong></span> <span class='ocrx_word' id='word_1_341' title='bbox 1498 1808 1566 1849; x_wconf 91' lang='grc'><strong>18.</strong></span> <span class='ocrx_word' id='word_1_342' title='bbox 1597 1811 1757 1849; x_wconf 89' lang='lat' dir='ltr'><strong>certare</strong></span> <span class='ocrx_word' id='word_1_343' title='bbox 1786 1806 1917 1853; x_wconf 86' lang='lat' dir='ltr'><strong>loco.*</strong></span> <span class='ocrx_word' id='word_1_344' title='bbox 1938 1810 2008 1862; x_wconf 76' lang='lat' dir='ltr'><strong>la,</strong></span> <span class='ocrx_word' id='word_1_345' title='bbox 2038 1811 2108 1853; x_wconf 91' lang='lat'><strong>11.</strong></span> <span class='ocrx_word' id='word_1_346' title='bbox 2136 1813 2177 1852; x_wconf 90' lang='lat' dir='ltr'><strong>te</strong></span> <span class='ocrx_word' id='word_1_347' title='bbox 2207 1824 2464 1855; x_wconf 90' lang='lat' dir='ltr'><strong>casurum.</strong></span> <span class='ocrx_word' id='word_1_348' title='bbox 2482 1813 2557 1859; x_wconf 75' lang='lat'><strong>88.</strong></span> 
     </span>
     <span class='ocr_line' id='line_1_25' title="bbox 169 1873 2557 1935; baseline -0 -13"><span class='ocrx_word' id='word_1_349' title='bbox 169 1877 281 1935; x_wconf 89' lang='lat' dir='ltr'><strong>Quid</strong></span> <span class='ocrx_word' id='word_1_350' title='bbox 307 1878 450 1922; x_wconf 89' lang='lat' dir='ltr'><strong>mirum</strong></span> <span class='ocrx_word' id='word_1_351' title='bbox 479 1877 526 1919; x_wconf 87' lang='lat' dir='ltr'><strong>si</strong></span> <span class='ocrx_word' id='word_1_352' title='bbox 553 1875 683 1919; x_wconf 91' lang='lat' dir='ltr'><strong>illis.</strong></span> <span class='ocrx_word' id='word_1_353' title='bbox 713 1877 786 1930; x_wconf 90' lang='grc'><strong>16,</strong></span> <span class='ocrx_word' id='word_1_354' title='bbox 814 1875 889 1919; x_wconf 73' lang='grc'><strong>89.</strong></span> <span class='ocrx_word' id='word_1_355' title='bbox 918 1873 1061 1917; x_wconf 89' lang='lat' dir='ltr'><strong>minuit</strong></span> <span class='ocrx_word' id='word_1_356' title='bbox 1089 1877 1326 1916; x_wconf 89' lang='lat' dir='ltr'><strong>senecta.</strong></span> <span class='ocrx_word' id='word_1_357' title='bbox 1358 1875 1429 1927; x_wconf 92' lang='lat'>17,</span> <span class='ocrx_word' id='word_1_358' title='bbox 1461 1876 1529 1916; x_wconf 89' lang='grc'><strong>16.</strong></span> <span class='ocrx_word' id='word_1_359' title='bbox 1558 1873 1752 1916; x_wconf 85' lang='lat' dir='ltr'><strong>Justitiae</strong></span> <span class='ocrx_word' id='word_1_360' title='bbox 1770 1880 1836 1917; x_wconf 89' lang='lat' dir='ltr'><strong>est</strong></span> <span class='ocrx_word' id='word_1_361' title='bbox 1849 1875 2128 1933; x_wconf 86' lang='lat' dir='ltr'><strong>placitumque.</strong></span> <span class='ocrx_word' id='word_1_362' title='bbox 2161 1879 2232 1931; x_wconf 88' lang='grc'><strong>18,</strong></span> <span class='ocrx_word' id='word_1_363' title='bbox 2261 1877 2557 1921; x_wconf 57' lang='lat' dir='ltr'><strong>&amp;honesti-</strong></span> 
     </span>
     <span class='ocr_line' id='line_1_26' title="bbox 168 1940 2556 1998; baseline -0 -8"><span class='ocrx_word' id='word_1_364' title='bbox 168 1948 414 1990; x_wconf 84' lang='lat' dir='ltr'><strong>elientes.</strong></span> <span class='ocrx_word' id='word_1_365' title='bbox 455 1948 535 1998; x_wconf 90' lang='grc'><strong>19,</strong></span> <span class='ocrx_word' id='word_1_366' title='bbox 575 1947 645 1988; x_wconf 91' lang='grc'><strong>17.</strong></span> <span class='ocrx_word' id='word_1_367' title='bbox 687 1948 739 1986; x_wconf 90' lang='lat' dir='ltr'><strong>et</strong></span> <span class='ocrx_word' id='word_1_368' title='bbox 766 1956 893 1986; x_wconf 89' lang='lat' dir='ltr'><strong>mare.</strong></span> <span class='ocrx_word' id='word_1_369' title='bbox 922 1942 1011 1995; x_wconf 92' lang='lat'>111,</span> <span class='ocrx_word' id='word_1_370' title='bbox 1041 1944 1085 1995; x_wconf 83' lang='lat'><strong>2,</strong></span> <span class='ocrx_word' id='word_1_371' title='bbox 1116 1943 1187 1985; x_wconf 85' lang='grc'><strong>26.</strong></span> <span class='ocrx_word' id='word_1_372' title='bbox 1228 1945 1420 1983; x_wconf 88' lang='lat' dir='ltr'><strong>cuncta</strong></span> <span class='ocrx_word' id='word_1_373' title='bbox 1459 1940 1639 1985; x_wconf 87' lang='lat' dir='ltr'><strong>silentio.</strong></span> <span class='ocrx_word' id='word_1_374' title='bbox 1677 1943 1748 1985; x_wconf 80' lang='lat'>81.</span> <span class='ocrx_word' id='word_1_375' title='bbox 1789 1948 1910 1985; x_wconf 86' lang='lat' dir='ltr'><strong>ante</strong></span> <span class='ocrx_word' id='word_1_376' title='bbox 1947 1942 2241 1988; x_wconf 89' lang='lat' dir='ltr'><strong>scelestum</strong></span> <span class='ocrx_word' id='word_1_377' title='bbox 2285 1943 2556 1990; x_wconf 83' lang='lat' dir='ltr'><strong>cedentem</strong></span> 
     </span>
     <span class='ocr_line' id='line_1_27' title="bbox 168 2005 2556 2070; baseline -0 -12"><span class='ocrx_word' id='word_1_378' title='bbox 168 2017 271 2070; x_wconf 89' lang='lat' dir='ltr'><strong>(non</strong></span> <span class='ocrx_word' id='word_1_379' title='bbox 298 2018 411 2057; x_wconf 88' lang='lat' dir='ltr'><strong>recte</strong></span> <span class='ocrx_word' id='word_1_380' title='bbox 440 2012 539 2055; x_wconf 90' lang='lat' dir='ltr'><strong>citat</strong></span> <span class='ocrx_word' id='word_1_381' title='bbox 551 2010 757 2064; x_wconf 91' lang='lat' dir='ltr'><strong>Braunh.)</strong></span> <span class='ocrx_word' id='word_1_382' title='bbox 786 2011 831 2065; x_wconf 74' lang='lat'><strong>8,</strong></span> <span class='ocrx_word' id='word_1_383' title='bbox 861 2011 933 2054; x_wconf 85' lang='lat' dir='ltr'><strong>lo.</strong></span> <span class='ocrx_word' id='word_1_384' title='bbox 960 2005 1170 2052; x_wconf 89' lang='lat' dir='ltr'><strong>Enixus</strong></span> <span class='ocrx_word' id='word_1_385' title='bbox 1200 2020 1321 2051; x_wconf 89' lang='lat' dir='ltr'><strong>arces</strong></span> <span class='ocrx_word' id='word_1_386' title='bbox 1351 2006 1557 2063; x_wconf 86' lang='lat' dir='ltr'><strong>(Braunh.</strong></span> <span class='ocrx_word' id='word_1_387' title='bbox 1572 2022 1688 2068; x_wconf 91' lang='lat' dir='ltr'><strong>perp.</strong></span> <span class='ocrx_word' id='word_1_388' title='bbox 1707 2009 1929 2065; x_wconf 90' lang='lat' dir='ltr'><strong>enisus).</strong></span> <span class='ocrx_word' id='word_1_389' title='bbox 1962 2011 2031 2054; x_wconf 87' lang='grc'><strong>19.</strong></span> <span class='ocrx_word' id='word_1_390' title='bbox 2055 2010 2318 2069; x_wconf 85' lang='lat' dir='ltr'><strong>incestusque</strong></span> <span class='ocrx_word' id='word_1_391' title='bbox 2347 2011 2556 2057; x_wconf 78' lang='lat' dir='ltr'><strong>vindex.</strong></span> 
     </span>
     <span class='ocr_line' id='line_1_28' title="bbox 165 2076 2556 2139; baseline -0 -13"><span class='ocrx_word' id='word_1_392' title='bbox 165 2084 208 2126; x_wconf 90' lang='lat'><strong>4.</strong></span> <span class='ocrx_word' id='word_1_393' title='bbox 238 2084 308 2125; x_wconf 88' lang='grc'><strong>17.</strong></span> <span class='ocrx_word' id='word_1_394' title='bbox 341 2081 391 2124; x_wconf 87' lang='lat' dir='ltr'><strong>ab</strong></span> <span class='ocrx_word' id='word_1_395' title='bbox 431 2079 639 2139; x_wconf 81' lang='lat' dir='ltr'><strong>aphris.</strong></span> <span class='ocrx_word' id='word_1_396' title='bbox 677 2079 752 2123; x_wconf 72' lang='lat'><strong>86.</strong></span> <span class='ocrx_word' id='word_1_397' title='bbox 780 2077 1006 2120; x_wconf 87' lang='lat' dir='ltr'><strong>inviolatus</strong></span> <span class='ocrx_word' id='word_1_398' title='bbox 1046 2076 1339 2133; x_wconf 77' lang='lat' dir='ltr'><strong>agmen.*5,</strong></span> <span class='ocrx_word' id='word_1_399' title='bbox 1380 2076 1455 2119; x_wconf 91' lang='grc'><strong>61.</strong></span> <span class='ocrx_word' id='word_1_400' title='bbox 1494 2076 1706 2119; x_wconf 89' lang='lat' dir='ltr'><strong>obstantes</strong></span> <span class='ocrx_word' id='word_1_401' title='bbox 1737 2078 1951 2120; x_wconf 81' lang='lat' dir='ltr'><strong>amicos.</strong></span> <span class='ocrx_word' id='word_1_402' title='bbox 1979 2081 2035 2132; x_wconf 91' lang='grc'><strong>6,</strong></span> <span class='ocrx_word' id='word_1_403' title='bbox 2062 2079 2104 2121; x_wconf 92' lang='grc'><strong>6.</strong></span> <span class='ocrx_word' id='word_1_404' title='bbox 2133 2080 2218 2135; x_wconf 89' lang='lat' dir='ltr'><strong>qui</strong></span> <span class='ocrx_word' id='word_1_405' title='bbox 2244 2081 2411 2137; x_wconf 84' lang='lat' dir='ltr'><strong>geris.</strong></span> <span class='ocrx_word' id='word_1_406' title='bbox 2439 2083 2485 2135; x_wconf 88' lang='lat'><strong>7,</strong></span> <span class='ocrx_word' id='word_1_407' title='bbox 2513 2083 2556 2126; x_wconf 76' lang='lat'><strong>8.</strong></span> 
     </span>
     <span class='ocr_line' id='line_1_29' title="bbox 168 2143 2557 2208; baseline 0 -15"><span class='ocrx_word' id='word_1_408' title='bbox 168 2150 341 2208; x_wconf 82' lang='lat' dir='ltr'><strong>Tyria</strong></span> <span class='ocrx_word' id='word_1_409' title='bbox 382 2161 535 2191; x_wconf 86' lang='lat' dir='ltr'><strong>merce.</strong></span> <span class='ocrx_word' id='word_1_410' title='bbox 562 2148 618 2200; x_wconf 86' lang='grc'><strong>8,</strong></span> <span class='ocrx_word' id='word_1_411' title='bbox 658 2147 730 2188; x_wconf 86' lang='grc'><strong>16.</strong></span> <span class='ocrx_word' id='word_1_412' title='bbox 770 2145 970 2188; x_wconf 82' lang='lat' dir='ltr'><strong>Profer</strong></span> <span class='ocrx_word' id='word_1_413' title='bbox 1015 2144 1061 2186; x_wconf 90' lang='lat' dir='ltr'><strong>in</strong></span> <span class='ocrx_word' id='word_1_414' title='bbox 1098 2143 1240 2185; x_wconf 88' lang='lat' dir='ltr'><strong>lucem.</strong></span> <span class='ocrx_word' id='word_1_415' title='bbox 1273 2144 1347 2186; x_wconf 72' lang='lat'><strong>2³.</strong></span> <span class='ocrx_word' id='word_1_416' title='bbox 1392 2143 1545 2202; x_wconf 87' lang='lat' dir='ltr'><strong>lapso</strong></span> <span class='ocrx_word' id='word_1_417' title='bbox 1582 2144 1841 2191; x_wconf 86' lang='lat' dir='ltr'><strong>meditantur.</strong></span> <span class='ocrx_word' id='word_1_418' title='bbox 1881 2149 1952 2200; x_wconf 89' lang='lat'><strong>11,</strong></span> <span class='ocrx_word' id='word_1_419' title='bbox 1980 2149 2025 2190; x_wconf 91' lang='grc'><strong>6.</strong></span> <span class='ocrx_word' id='word_1_420' title='bbox 2050 2145 2240 2190; x_wconf 85' lang='lat' dir='ltr'><strong>Divum</strong></span> <span class='ocrx_word' id='word_1_421' title='bbox 2276 2153 2328 2191; x_wconf 92' lang='lat' dir='ltr'><strong>tu</strong></span> <span class='ocrx_word' id='word_1_422' title='bbox 2357 2150 2557 2193; x_wconf 85' lang='lat' dir='ltr'><strong>mensis</strong></span> 
     </span>
     <span class='ocr_line' id='line_1_30' title="bbox 167 2208 2557 2274; baseline -0 -13"><span class='ocrx_word' id='word_1_423' title='bbox 167 2216 376 2274; x_wconf 75' lang='lat' dir='ltr'><strong>(Bi-anuh.</strong></span> <span class='ocrx_word' id='word_1_424' title='bbox 405 2212 769 2268; x_wconf 80' lang='lat' dir='ltr'><strong>modo.Divum)</strong></span> <span class='ocrx_word' id='word_1_425' title='bbox 798 2213 872 2267; x_wconf 87' lang='grc'><strong>19,</strong></span> <span class='ocrx_word' id='word_1_426' title='bbox 902 2214 972 2254; x_wconf 92' lang='grc'><strong>19.</strong></span> <span class='ocrx_word' id='word_1_427' title='bbox 1004 2210 1158 2254; x_wconf 89' lang='lat' dir='ltr'><strong>nocti</strong></span> <span class='ocrx_word' id='word_1_428' title='bbox 1186 2209 1343 2253; x_wconf 88' lang='lat' dir='ltr'><strong>mediae</strong></span> <span class='ocrx_word' id='word_1_429' title='bbox 1374 2208 1426 2253; x_wconf 90' lang='lat' dir='ltr'><strong>da</strong></span> <span class='ocrx_word' id='word_1_430' title='bbox 1454 2224 1495 2270; x_wconf 87' lang='lat' dir='ltr'><strong>p.</strong></span> <span class='ocrx_word' id='word_1_431' title='bbox 1525 2212 1734 2269; x_wconf 85' lang='lat' dir='ltr'><strong>auguri.</strong></span> <span class='ocrx_word' id='word_1_432' title='bbox 1754 2214 1828 2267; x_wconf 90' lang='grc'><strong>29,</strong></span> <span class='ocrx_word' id='word_1_433' title='bbox 1860 2215 1927 2256; x_wconf 91' lang='grc'><strong>19.</strong></span> <span class='ocrx_word' id='word_1_434' title='bbox 1952 2212 2096 2257; x_wconf 90' lang='lat' dir='ltr'><strong>dentes</strong></span> <span class='ocrx_word' id='word_1_435' title='bbox 2117 2214 2226 2257; x_wconf 80' lang='lat' dir='ltr'><strong>acuit</strong></span> <span class='ocrx_word' id='word_1_436' title='bbox 2254 2216 2557 2274; x_wconf 61' lang='lat' dir='ltr'><strong>superbos.⁸</strong></span> 
     </span>
     <span class='ocr_line' id='line_1_31' title="bbox 167 2276 2557 2342; baseline -0 -14"><span class='ocrx_word' id='word_1_437' title='bbox 167 2289 242 2342; x_wconf 87' lang='grc'><strong>24,</strong></span> <span class='ocrx_word' id='word_1_438' title='bbox 267 2288 314 2331; x_wconf 79' lang='grc'><strong>8.</strong></span> <span class='ocrx_word' id='word_1_439' title='bbox 342 2284 487 2328; x_wconf 88' lang='lat' dir='ltr'><strong>mortis</strong></span> <span class='ocrx_word' id='word_1_440' title='bbox 516 2280 829 2339; x_wconf 84' lang='lat' dir='ltr'><strong>lachrymis.</strong></span> <span class='ocrx_word' id='word_1_441' title='bbox 856 2281 930 2334; x_wconf 84' lang='grc'><strong>26,</strong></span> <span class='ocrx_word' id='word_1_442' title='bbox 945 2281 989 2321; x_wconf 87' lang='grc'><strong>9.</strong></span> <span class='ocrx_word' id='word_1_443' title='bbox 1017 2276 1117 2321; x_wconf 58' lang='lat' dir='ltr'><strong>Uva</strong></span> <span class='ocrx_word' id='word_1_444' title='bbox 1144 2278 1299 2336; x_wconf 84' lang='lat' dir='ltr'><strong>regis</strong></span> <span class='ocrx_word' id='word_1_445' title='bbox 1331 2277 1525 2337; x_wconf 86' lang='lat' dir='ltr'><strong>Cyprum.</strong></span> <span class='ocrx_word' id='word_1_446' title='bbox 1554 2282 1628 2334; x_wconf 88' lang='grc'><strong>27,</strong></span> <span class='ocrx_word' id='word_1_447' title='bbox 1657 2283 1727 2322; x_wconf 88' lang='grc'><strong>66.</strong></span> <span class='ocrx_word' id='word_1_448' title='bbox 1758 2279 1981 2322; x_wconf 85' lang='lat' dir='ltr'><strong>aderant</strong></span> <span class='ocrx_word' id='word_1_449' title='bbox 2009 2282 2206 2338; x_wconf 89' lang='lat' dir='ltr'><strong>querenti.</strong></span> <span class='ocrx_word' id='word_1_450' title='bbox 2235 2284 2309 2338; x_wconf 91' lang='grc'><strong>29,</strong></span> <span class='ocrx_word' id='word_1_451' title='bbox 2338 2284 2557 2328; x_wconf 56' lang='lat' dir='ltr'><strong>etalii·</strong></span> 
     </span>
     <span class='ocr_line' id='line_1_32' title="bbox 167 2347 2556 2412; baseline 0 -15"><span class='ocrx_word' id='word_1_452' title='bbox 167 2355 358 2412; x_wconf 84' lang='lat' dir='ltr'><strong>benigna.</strong></span> <span class='ocrx_word' id='word_1_453' title='bbox 388 2352 465 2397; x_wconf 88' lang='lat' dir='ltr'><strong>IV.</strong></span> <span class='ocrx_word' id='word_1_454' title='bbox 496 2350 576 2393; x_wconf 82' lang='lat' dir='ltr'><strong>Od.</strong></span> <span class='ocrx_word' id='word_1_455' title='bbox 611 2354 664 2404; x_wconf 90' lang='lat'>1,</span> <span class='ocrx_word' id='word_1_456' title='bbox 693 2351 737 2391; x_wconf 89' lang='grc'><strong>2.</strong></span> <span class='ocrx_word' id='word_1_457' title='bbox 769 2347 879 2391; x_wconf 85' lang='lat' dir='ltr'><strong>bella</strong></span> <span class='ocrx_word' id='word_1_458' title='bbox 907 2361 1143 2391; x_wconf 81' lang='lat' dir='ltr'><strong>movens.</strong></span> <span class='ocrx_word' id='word_1_459' title='bbox 1172 2348 1228 2401; x_wconf 91' lang='grc'><strong>2,</strong></span> <span class='ocrx_word' id='word_1_460' title='bbox 1256 2348 1328 2391; x_wconf 90' lang='grc'><strong>26.</strong></span> <span class='ocrx_word' id='word_1_461' title='bbox 1369 2347 1414 2390; x_wconf 89' lang='lat' dir='ltr'><strong>in</strong></span> <span class='ocrx_word' id='word_1_462' title='bbox 1443 2347 1885 2391; x_wconf 79' lang='lat' dir='ltr'><strong>altum-tractum.</strong></span> <span class='ocrx_word' id='word_1_463' title='bbox 1915 2350 1988 2392; x_wconf 83' lang='lat'><strong>46.</strong></span> <span class='ocrx_word' id='word_1_464' title='bbox 2019 2348 2146 2395; x_wconf 84' lang='lat' dir='ltr'><strong>Vocis</strong></span> <span class='ocrx_word' id='word_1_465' title='bbox 2176 2350 2411 2398; x_wconf 86' lang='lat' dir='ltr'><strong>accedat.</strong></span> <span class='ocrx_word' id='word_1_466' title='bbox 2438 2355 2485 2408; x_wconf 87' lang='grc'><strong>6,</strong></span> <span class='ocrx_word' id='word_1_467' title='bbox 2511 2354 2556 2400; x_wconf 85' lang='grc'><strong>6.</strong></span> 
     </span>
     <span class='ocr_line' id='line_1_33' title="bbox 167 2413 2558 2479; baseline 0 -13"><span class='ocrx_word' id='word_1_468' title='bbox 167 2423 255 2466; x_wconf 90' lang='lat' dir='ltr'><strong>lux</strong></span> <span class='ocrx_word' id='word_1_469' title='bbox 283 2422 415 2465; x_wconf 91' lang='lat' dir='ltr'><strong>bona</strong></span> <span class='ocrx_word' id='word_1_470' title='bbox 442 2419 615 2479; x_wconf 87' lang='lat' dir='ltr'><strong>patriae.</strong></span> <span class='ocrx_word' id='word_1_471' title='bbox 642 2415 945 2462; x_wconf 79' lang='lat' dir='ltr'><strong>7.Effulsit</strong></span> <span class='ocrx_word' id='word_1_472' title='bbox 973 2413 1141 2474; x_wconf 86' lang='lat' dir='ltr'><strong>populo.</strong></span> <span class='ocrx_word' id='word_1_473' title='bbox 1158 2415 1227 2459; x_wconf 75' lang='lat'>18.</span> <span class='ocrx_word' id='word_1_474' title='bbox 1256 2414 1496 2458; x_wconf 89' lang='lat' dir='ltr'><strong>omnibus</strong></span> <span class='ocrx_word' id='word_1_475' title='bbox 1526 2415 1627 2459; x_wconf 93' lang='lat' dir='ltr'><strong>heu</strong></span> <span class='ocrx_word' id='word_1_476' title='bbox 1658 2420 1710 2460; x_wconf 89' lang='lat' dir='ltr'><strong>et</strong></span> <span class='ocrx_word' id='word_1_477' title='bbox 1737 2418 1857 2476; x_wconf 62' lang='lat' dir='ltr'><strong>pul),</strong></span> <span class='ocrx_word' id='word_1_478' title='bbox 1872 2417 1943 2461; x_wconf 89' lang='grc'><strong>24.</strong></span> <span class='ocrx_word' id='word_1_479' title='bbox 1959 2417 2363 2479; x_wconf 87' lang='lat' dir='ltr'><strong>puerisqueprimi.</strong></span> <span class='ocrx_word' id='word_1_480' title='bbox 2388 2424 2459 2477; x_wconf 92' lang='lat'><strong>11,</strong></span> <span class='ocrx_word' id='word_1_481' title='bbox 2484 2423 2558 2470; x_wconf 86' lang='lat'><strong>11.</strong></span> 
     </span>
     <span class='ocr_line' id='line_1_34' title="bbox 168 2481 2556 2549; baseline 0 -17"><span class='ocrx_word' id='word_1_482' title='bbox 168 2489 353 2532; x_wconf 84' lang='lat' dir='ltr'><strong>flammae</strong></span> <span class='ocrx_word' id='word_1_483' title='bbox 391 2487 667 2546; x_wconf 86' lang='lat' dir='ltr'><strong>crepitant</strong></span> <span class='ocrx_word' id='word_1_484' title='bbox 703 2485 789 2539; x_wconf 83' lang='lat' dir='ltr'><strong>(sic</strong></span> <span class='ocrx_word' id='word_1_485' title='bbox 828 2484 988 2544; x_wconf 83' lang='lat' dir='ltr'><strong>conjec.</strong></span> <span class='ocrx_word' id='word_1_486' title='bbox 1019 2481 1178 2534; x_wconf 90' lang='lat' dir='ltr'><strong>Bentl.)</strong></span> <span class='ocrx_word' id='word_1_487' title='bbox 1208 2484 1279 2536; x_wconf 87' lang='lat'>14,</span> <span class='ocrx_word' id='word_1_488' title='bbox 1308 2483 1353 2525; x_wconf 85' lang='grc'><strong>6.</strong></span> <span class='ocrx_word' id='word_1_489' title='bbox 1392 2482 1482 2525; x_wconf 87' lang='lat' dir='ltr'><strong>lux</strong></span> <span class='ocrx_word' id='word_1_490' title='bbox 1513 2483 1768 2527; x_wconf 90' lang='lat' dir='ltr'><strong>habitabiles.</strong></span> <span class='ocrx_word' id='word_1_491' title='bbox 1799 2486 1869 2546; x_wconf 85' lang='grc'><strong>16.</strong></span> <span class='ocrx_word' id='word_1_492' title='bbox 1900 2485 2113 2543; x_wconf 86' lang='lat' dir='ltr'><strong>Auspiciis</strong></span> <span class='ocrx_word' id='word_1_493' title='bbox 2142 2488 2392 2546; x_wconf 90' lang='lat' dir='ltr'><strong>reppulit.</strong></span> <span class='ocrx_word' id='word_1_494' title='bbox 2422 2489 2556 2549; x_wconf 88' lang='lat' dir='ltr'><strong>Epod.</strong></span> 
     </span>
     <span class='ocr_line' id='line_1_35' title="bbox 168 2550 2555 2615; baseline 0.002 -18"><span class='ocrx_word' id='word_1_495' title='bbox 168 2561 213 2611; x_wconf 86' lang='lat'>1,</span> <span class='ocrx_word' id='word_1_496' title='bbox 241 2560 314 2600; x_wconf 86' lang='grc'><strong>29.</strong></span> <span class='ocrx_word' id='word_1_497' title='bbox 361 2556 451 2597; x_wconf 92' lang='lat' dir='ltr'><strong>Nec</strong></span> <span class='ocrx_word' id='word_1_498' title='bbox 481 2560 525 2596; x_wconf 85' lang='lat' dir='ltr'><strong>ut</strong></span> <span class='ocrx_word' id='word_1_499' title='bbox 555 2553 806 2611; x_wconf 84' lang='lat' dir='ltr'><strong>supremi.</strong></span> <span class='ocrx_word' id='word_1_500' title='bbox 833 2552 880 2605; x_wconf 85' lang='grc'><strong>6,</strong></span> <span class='ocrx_word' id='word_1_501' title='bbox 909 2552 980 2593; x_wconf 81' lang='grc'><strong>66.</strong></span> <span class='ocrx_word' id='word_1_502' title='bbox 1010 2563 1153 2591; x_wconf 90' lang='lat' dir='ltr'><strong>munus</strong></span> <span class='ocrx_word' id='word_1_503' title='bbox 1184 2550 1455 2593; x_wconf 87' lang='lat' dir='ltr'><strong>infectum.</strong></span> <span class='ocrx_word' id='word_1_504' title='bbox 1487 2553 1556 2605; x_wconf 90' lang='grc'><strong>12,</strong></span> <span class='ocrx_word' id='word_1_505' title='bbox 1585 2554 1628 2594; x_wconf 93' lang='grc'><strong>2.</strong></span> <span class='ocrx_word' id='word_1_506' title='bbox 1659 2551 1779 2608; x_wconf 88' lang='lat' dir='ltr'><strong>quid</strong></span> <span class='ocrx_word' id='word_1_507' title='bbox 1807 2552 1932 2595; x_wconf 87' lang='lat' dir='ltr'><strong>mihi</strong></span> <span class='ocrx_word' id='word_1_508' title='bbox 1962 2552 2167 2610; x_wconf 90' lang='lat' dir='ltr'><strong>quidve.</strong></span> <span class='ocrx_word' id='word_1_509' title='bbox 2199 2558 2267 2599; x_wconf 92' lang='lat'><strong>11.</strong></span> <span class='ocrx_word' id='word_1_510' title='bbox 2292 2556 2457 2615; x_wconf 71' lang='lat' dir='ltr'><strong>Jamque</strong></span> <span class='ocrx_word' id='word_1_511' title='bbox 2484 2559 2555 2601; x_wconf 83' lang='lat' dir='ltr'><strong>vi-</strong></span> 
     </span>
     <span class='ocr_line' id='line_1_36' title="bbox 170 2614 1840 2676; baseline -0.002 -10"><span class='ocrx_word' id='word_1_512' title='bbox 170 2622 384 2667; x_wconf 85' lang='lat' dir='ltr'><strong>brando.</strong></span> <span class='ocrx_word' id='word_1_513' title='bbox 413 2624 485 2676; x_wconf 84' lang='lat'>17,</span> <span class='ocrx_word' id='word_1_514' title='bbox 513 2624 585 2664; x_wconf 89' lang='grc'><strong>49.</strong></span> <span class='ocrx_word' id='word_1_515' title='bbox 615 2619 732 2663; x_wconf 83' lang='lat' dir='ltr'><strong>voles</strong></span> <span class='ocrx_word' id='word_1_516' title='bbox 775 2631 990 2661; x_wconf 90' lang='lat' dir='ltr'><strong>sonare.</strong></span> <span class='ocrx_word' id='word_1_517' title='bbox 1010 2614 1147 2660; x_wconf 82' lang='lat' dir='ltr'><strong>carm.</strong></span> <span class='ocrx_word' id='word_1_518' title='bbox 1181 2630 1293 2660; x_wconf 89' lang='lat' dir='ltr'><strong>saec.</strong></span> <span class='ocrx_word' id='word_1_519' title='bbox 1324 2619 1395 2660; x_wconf 78' lang='lat'><strong>55.</strong></span> <span class='ocrx_word' id='word_1_520' title='bbox 1411 2632 1615 2676; x_wconf 90' lang='lat' dir='ltr'><strong>responsa</strong></span> <span class='ocrx_word' id='word_1_521' title='bbox 1644 2619 1840 2663; x_wconf 85' lang='lat' dir='ltr'><strong>ferunt.</strong></span> 
     </span>
    </p>
   </div>
   <div class='ocr_carea' id='block_1_3' title="bbox 169 2751 2555 3291">
    <p class='ocr_par' dir='ltr' id='par_1_3' title="bbox 169 2751 2555 3291">
     <span class='ocr_line' id='line_1_37' title="bbox 283 2751 2554 2812; baseline 0 -9"><span class='ocrx_word' id='word_1_522' title='bbox 283 2759 362 2812; x_wconf 69' lang='lat'><strong>27)</strong></span> <span class='ocrx_word' id='word_1_523' title='bbox 391 2752 546 2803; x_wconf 71' lang='lat' dir='ltr'><strong>Gth.</strong></span> <span class='ocrx_word' id='word_1_524' title='bbox 576 2754 637 2809; x_wconf 56' lang='grc' dir='ltr'><strong>ᾖ,</strong></span> <span class='ocrx_word' id='word_1_525' title='bbox 670 2764 727 2801; x_wconf 67' lang='lat' dir='ltr'><strong>a.</strong></span> <span class='ocrx_word' id='word_1_526' title='bbox 787 2751 975 2797; x_wconf 86' lang='lat' dir='ltr'><strong>Codex</strong></span> <span class='ocrx_word' id='word_1_527' title='bbox 1000 2753 1044 2795; x_wconf 89' lang='grc'><strong>2.</strong></span> <span class='ocrx_word' id='word_1_528' title='bbox 1073 2751 1443 2795; x_wconf 88' lang='lat' dir='ltr'><strong>bibliothecae</strong></span> <span class='ocrx_word' id='word_1_529' title='bbox 1474 2752 1696 2797; x_wconf 87' lang='lat' dir='ltr'><strong>Ducalis</strong></span> <span class='ocrx_word' id='word_1_530' title='bbox 1728 2753 2022 2812; x_wconf 88' lang='lat' dir='ltr'><strong>Gothanae,</strong></span> <span class='ocrx_word' id='word_1_531' title='bbox 2054 2770 2165 2800; x_wconf 89' lang='lat' dir='ltr'><strong>saec.</strong></span> <span class='ocrx_word' id='word_1_532' title='bbox 2194 2756 2293 2803; x_wconf 86' lang='lat' dir='ltr'><strong>XV.</strong></span> <span class='ocrx_word' id='word_1_533' title='bbox 2314 2759 2554 2803; x_wconf 87' lang='lat' dir='ltr'><strong>chartaceus</strong></span> 
     </span>
     <span class='ocr_line' id='line_1_38' title="bbox 169 2820 2553 2883; baseline 0.002 -17"><span class='ocrx_word' id='word_1_534' title='bbox 169 2829 213 2869; x_wconf 89' lang='lat' dir='ltr'><strong>in</strong></span> <span class='ocrx_word' id='word_1_535' title='bbox 239 2829 333 2881; x_wconf 72' lang='lat'><strong>420,</strong></span> <span class='ocrx_word' id='word_1_536' title='bbox 365 2824 476 2881; x_wconf 84' lang='lat' dir='ltr'><strong>sign.</strong></span> <span class='ocrx_word' id='word_1_537' title='bbox 507 2821 588 2865; x_wconf 90' lang='lat' dir='ltr'><strong>Ch.</strong></span> <span class='ocrx_word' id='word_1_538' title='bbox 616 2821 669 2864; x_wconf 93' lang='lat' dir='ltr'><strong>B.</strong></span> <span class='ocrx_word' id='word_1_539' title='bbox 698 2836 763 2863; x_wconf 88' lang='lat' dir='ltr'><strong>nr.</strong></span> <span class='ocrx_word' id='word_1_540' title='bbox 791 2823 864 2863; x_wconf 90' lang='grc'><strong>61.</strong></span> <span class='ocrx_word' id='word_1_541' title='bbox 894 2820 1150 2877; x_wconf 81' lang='lat' dir='ltr'><strong>[descriptus</strong></span> <span class='ocrx_word' id='word_1_542' title='bbox 1180 2821 1222 2862; x_wconf 92' lang='lat' dir='ltr'><strong>in</strong></span> <span class='ocrx_word' id='word_1_543' title='bbox 1250 2820 1354 2863; x_wconf 88' lang='lat' dir='ltr'><strong>libro</strong></span> <span class='ocrx_word' id='word_1_544' title='bbox 1384 2820 1570 2865; x_wconf 88' lang='lat' dir='ltr'><strong>Jacobsii</strong></span> <span class='ocrx_word' id='word_1_545' title='bbox 1599 2828 1641 2865; x_wconf 89' lang='lat' dir='ltr'><strong>et</strong></span> <span class='ocrx_word' id='word_1_546' title='bbox 1671 2822 1820 2867; x_wconf 86' lang='lat' dir='ltr'><strong>Ukerti</strong></span> <span class='ocrx_word' id='word_1_547' title='bbox 1850 2839 1975 2883; x_wconf 88' lang='lat' dir='ltr'><strong>supra</strong></span> <span class='ocrx_word' id='word_1_548' title='bbox 2003 2824 2167 2868; x_wconf 82' lang='lat' dir='ltr'><strong>laudato</strong></span> <span class='ocrx_word' id='word_1_549' title='bbox 2192 2840 2233 2883; x_wconf 88' lang='lat' dir='ltr'><strong>p.</strong></span> <span class='ocrx_word' id='word_1_550' title='bbox 2259 2827 2362 2871; x_wconf 72' lang='grc'><strong>236.</strong></span> <span class='ocrx_word' id='word_1_551' title='bbox 2375 2841 2440 2871; x_wconf 88' lang='lat' dir='ltr'><strong>nr.</strong></span> <span class='ocrx_word' id='word_1_552' title='bbox 2459 2829 2553 2881; x_wconf 86' lang='grc'><strong>66.)</strong></span> 
     </span>
     <span class='ocr_line' id='line_1_39' title="bbox 170 2887 2555 2954; baseline 0 -17"><span class='ocrx_word' id='word_1_553' title='bbox 170 2893 284 2937; x_wconf 86' lang='lat' dir='ltr'><strong>Satis</strong></span> <span class='ocrx_word' id='word_1_554' title='bbox 323 2904 496 2936; x_wconf 87' lang='lat' dir='ltr'><strong>crassus</strong></span> <span class='ocrx_word' id='word_1_555' title='bbox 525 2890 658 2944; x_wconf 90' lang='lat' dir='ltr'><strong>liber,</strong></span> <span class='ocrx_word' id='word_1_556' title='bbox 688 2889 825 2932; x_wconf 86' lang='lat' dir='ltr'><strong>forma</strong></span> <span class='ocrx_word' id='word_1_557' title='bbox 853 2887 1065 2945; x_wconf 85' lang='lat' dir='ltr'><strong>quadrata,</strong></span> <span class='ocrx_word' id='word_1_558' title='bbox 1094 2888 1206 2932; x_wconf 89' lang='lat' dir='ltr'><strong>corio</strong></span> <span class='ocrx_word' id='word_1_559' title='bbox 1235 2889 1359 2932; x_wconf 91' lang='lat' dir='ltr'><strong>rubro</strong></span> <span class='ocrx_word' id='word_1_560' title='bbox 1390 2894 1537 2945; x_wconf 91' lang='lat' dir='ltr'><strong>tectus,</strong></span> <span class='ocrx_word' id='word_1_561' title='bbox 1567 2892 1683 2948; x_wconf 89' lang='lat' dir='ltr'><strong>cujus</strong></span> <span class='ocrx_word' id='word_1_562' title='bbox 1713 2897 1870 2951; x_wconf 87' lang='lat' dir='ltr'><strong>partem</strong></span> <span class='ocrx_word' id='word_1_563' title='bbox 1898 2894 1971 2936; x_wconf 84' lang='lat' dir='ltr'><strong>vix</strong></span> <span class='ocrx_word' id='word_1_564' title='bbox 2001 2892 2205 2935; x_wconf 85' lang='lat' dir='ltr'><strong>dimidiam</strong></span> <span class='ocrx_word' id='word_1_565' title='bbox 2234 2892 2399 2936; x_wconf 77' lang='lat' dir='ltr'><strong>Horatii</strong></span> <span class='ocrx_word' id='word_1_566' title='bbox 2428 2908 2555 2954; x_wconf 86' lang='lat' dir='ltr'><strong>opera</strong></span> 
     </span>
     <span class='ocr_line' id='line_1_40' title="bbox 171 2956 2555 3019; baseline 0 -14"><span class='ocrx_word' id='word_1_567' title='bbox 171 2976 197 3005; x_wconf 92' lang='lat' dir='ltr'><strong>a</strong></span> <span class='ocrx_word' id='word_1_568' title='bbox 224 2961 297 3005; x_wconf 83' lang='lat' dir='ltr'><strong>fol.</strong></span> <span class='ocrx_word' id='word_1_569' title='bbox 323 2963 397 3006; x_wconf 85' lang='grc'><strong>28.</strong></span> <span class='ocrx_word' id='word_1_570' title='bbox 427 2958 481 3003; x_wconf 87' lang='lat' dir='ltr'><strong>ad</strong></span> <span class='ocrx_word' id='word_1_571' title='bbox 508 2961 609 3002; x_wconf 89' lang='grc'><strong>296.</strong></span> <span class='ocrx_word' id='word_1_572' title='bbox 635 2962 844 3016; x_wconf 81' lang='lat' dir='ltr'><strong>occupant</strong></span> <span class='ocrx_word' id='word_1_573' title='bbox 881 2957 1001 3012; x_wconf 86' lang='lat' dir='ltr'><strong>(nam</strong></span> <span class='ocrx_word' id='word_1_574' title='bbox 1040 2956 1331 3014; x_wconf 86' lang='lat' dir='ltr'><strong>praecedentes</strong></span> <span class='ocrx_word' id='word_1_575' title='bbox 1369 2959 1546 3016; x_wconf 79' lang='lat' dir='ltr'><strong>paginae</strong></span> <span class='ocrx_word' id='word_1_576' title='bbox 1585 2973 1713 3018; x_wconf 89' lang='lat' dir='ltr'><strong>purae</strong></span> <span class='ocrx_word' id='word_1_577' title='bbox 1744 2963 1875 3015; x_wconf 87' lang='lat' dir='ltr'><strong>sunt).</strong></span> <span class='ocrx_word' id='word_1_578' title='bbox 1930 2960 2116 3003; x_wconf 84' lang='lat' dir='ltr'><strong>Alteram</strong></span> <span class='ocrx_word' id='word_1_579' title='bbox 2145 2961 2236 3018; x_wconf 85' lang='lat' dir='ltr'><strong>ejus</strong></span> <span class='ocrx_word' id='word_1_580' title='bbox 2264 2966 2422 3019; x_wconf 86' lang='lat' dir='ltr'><strong>partem</strong></span> <span class='ocrx_word' id='word_1_581' title='bbox 2450 2964 2555 3007; x_wconf 85' lang='lat' dir='ltr'><strong>varii</strong></span> 
     </span>
     <span class='ocr_line' id='line_1_41' title="bbox 170 3024 2552 3086; baseline 0.002 -15"><span class='ocrx_word' id='word_1_582' title='bbox 170 3030 265 3071; x_wconf 90' lang='lat' dir='ltr'><strong>libri</strong></span> <span class='ocrx_word' id='word_1_583' title='bbox 292 3029 548 3071; x_wconf 88' lang='lat' dir='ltr'><strong>recentiores</strong></span> <span class='ocrx_word' id='word_1_584' title='bbox 577 3026 728 3085; x_wconf 89' lang='lat' dir='ltr'><strong>partim</strong></span> <span class='ocrx_word' id='word_1_585' title='bbox 755 3039 885 3083; x_wconf 89' lang='lat' dir='ltr'><strong>prosa</strong></span> <span class='ocrx_word' id='word_1_586' title='bbox 913 3024 1101 3067; x_wconf 88' lang='lat' dir='ltr'><strong>oratione</strong></span> <span class='ocrx_word' id='word_1_587' title='bbox 1128 3025 1274 3082; x_wconf 80' lang='lat' dir='ltr'><strong>partim</strong></span> <span class='ocrx_word' id='word_1_588' title='bbox 1301 3026 1492 3070; x_wconf 81' lang='lat' dir='ltr'><strong>versibus</strong></span> <span class='ocrx_word' id='word_1_589' title='bbox 1522 3028 1665 3086; x_wconf 88' lang='lat' dir='ltr'><strong>scripti</strong></span> <span class='ocrx_word' id='word_1_590' title='bbox 1695 3028 1895 3083; x_wconf 86' lang='lat' dir='ltr'><strong>obtinent,</strong></span> <span class='ocrx_word' id='word_1_591' title='bbox 1926 3027 1977 3070; x_wconf 94' lang='lat' dir='ltr'><strong>de</strong></span> <span class='ocrx_word' id='word_1_592' title='bbox 2006 3028 2150 3085; x_wconf 85' lang='lat' dir='ltr'><strong>quibus</strong></span> <span class='ocrx_word' id='word_1_593' title='bbox 2179 3026 2272 3073; x_wconf 84' lang='lat' dir='ltr'><strong>Jac.</strong></span> <span class='ocrx_word' id='word_1_594' title='bbox 2302 3036 2346 3071; x_wconf 87' lang='lat' dir='ltr'><strong>et</strong></span> <span class='ocrx_word' id='word_1_595' title='bbox 2374 3028 2496 3074; x_wconf 87' lang='lat' dir='ltr'><strong>Uk.l.</strong></span> <span class='ocrx_word' id='word_1_596' title='bbox 2517 3046 2552 3075; x_wconf 88' lang='lat' dir='ltr'><strong>c.</strong></span> 
     </span>
     <span class='ocr_line' id='line_1_42' title="bbox 171 3089 2555 3156; baseline 0.002 -16"><span class='ocrx_word' id='word_1_597' title='bbox 171 3111 213 3156; x_wconf 89' lang='lat' dir='ltr'><strong>p.</strong></span> <span class='ocrx_word' id='word_1_598' title='bbox 240 3097 469 3140; x_wconf 71' lang='grc'><strong>286-88</strong></span> <span class='ocrx_word' id='word_1_599' title='bbox 511 3093 675 3155; x_wconf 87' lang='lat' dir='ltr'><strong>plenius</strong></span> <span class='ocrx_word' id='word_1_600' title='bbox 721 3095 910 3151; x_wconf 83' lang='lat' dir='ltr'><strong>egerunt.</strong></span> <span class='ocrx_word' id='word_1_601' title='bbox 969 3089 1137 3134; x_wconf 86' lang='lat' dir='ltr'><strong>Horatii</strong></span> <span class='ocrx_word' id='word_1_602' title='bbox 1180 3105 1307 3152; x_wconf 85' lang='lat' dir='ltr'><strong>opera</strong></span> <span class='ocrx_word' id='word_1_603' title='bbox 1342 3093 1387 3136; x_wconf 91' lang='lat' dir='ltr'><strong>in</strong></span> <span class='ocrx_word' id='word_1_604' title='bbox 1423 3094 1504 3137; x_wconf 91' lang='lat' dir='ltr'><strong>hoc</strong></span> <span class='ocrx_word' id='word_1_605' title='bbox 1541 3094 1685 3139; x_wconf 88' lang='lat' dir='ltr'><strong>codice</strong></span> <span class='ocrx_word' id='word_1_606' title='bbox 1729 3094 1885 3139; x_wconf 84' lang='lat' dir='ltr'><strong>duabus</strong></span> <span class='ocrx_word' id='word_1_607' title='bbox 1920 3095 2105 3155; x_wconf 85' lang='lat' dir='ltr'><strong>partibus</strong></span> <span class='ocrx_word' id='word_1_608' title='bbox 2144 3099 2359 3152; x_wconf 83' lang='lat' dir='ltr'><strong>constant,</strong></span> <span class='ocrx_word' id='word_1_609' title='bbox 2389 3110 2555 3156; x_wconf 79' lang='lat' dir='ltr'><strong>quarum</strong></span> 
     </span>
     <span class='ocr_line' id='line_1_43' title="bbox 172 3160 2553 3224; baseline 0.002 -18"><span class='ocrx_word' id='word_1_610' title='bbox 172 3164 349 3224; x_wconf 88' lang='lat' dir='ltr'><strong>prior,</strong></span> <span class='ocrx_word' id='word_1_611' title='bbox 379 3177 405 3205; x_wconf 91' lang='lat' dir='ltr'><strong>a</strong></span> <span class='ocrx_word' id='word_1_612' title='bbox 431 3163 505 3206; x_wconf 81' lang='lat' dir='ltr'><strong>fol.</strong></span> <span class='ocrx_word' id='word_1_613' title='bbox 534 3163 783 3207; x_wconf 75' lang='grc'><strong>28-142,</strong></span> <span class='ocrx_word' id='word_1_614' title='bbox 812 3160 1104 3204; x_wconf 87' lang='lat' dir='ltr'><strong>Sermones</strong></span> <span class='ocrx_word' id='word_1_615' title='bbox 1135 3164 1186 3201; x_wconf 91' lang='lat' dir='ltr'><strong>et</strong></span> <span class='ocrx_word' id='word_1_616' title='bbox 1226 3160 1511 3219; x_wconf 89' lang='lat' dir='ltr'><strong>Epistolas</strong></span> <span class='ocrx_word' id='word_1_617' title='bbox 1550 3165 1755 3218; x_wconf 90' lang='lat' dir='ltr'><strong>continet,</strong></span> <span class='ocrx_word' id='word_1_618' title='bbox 1796 3165 1955 3206; x_wconf 89' lang='lat' dir='ltr'><strong>omissa</strong></span> <span class='ocrx_word' id='word_1_619' title='bbox 1981 3163 2088 3205; x_wconf 80' lang='lat' dir='ltr'><strong>Arte</strong></span> <span class='ocrx_word' id='word_1_620' title='bbox 2126 3169 2237 3222; x_wconf 84' lang='lat' dir='ltr'><strong>poet.</strong></span> <span class='ocrx_word' id='word_1_621' title='bbox 2293 3164 2344 3207; x_wconf 90' lang='lat' dir='ltr'><strong>In</strong></span> <span class='ocrx_word' id='word_1_622' title='bbox 2381 3168 2553 3224; x_wconf 73' lang='lat' dir='ltr'><strong>singulis</strong></span> 
     </span>
     <span class='ocr_line' id='line_1_44' title="bbox 172 3224 2554 3291; baseline 0.003 -18"><span class='ocrx_word' id='word_1_623' title='bbox 172 3231 339 3291; x_wconf 84' lang='lat' dir='ltr'><strong>paginis</strong></span> <span class='ocrx_word' id='word_1_624' title='bbox 383 3244 531 3273; x_wconf 83' lang='lat' dir='ltr'><strong>versus</strong></span> <span class='ocrx_word' id='word_1_625' title='bbox 575 3233 632 3273; x_wconf 84' lang='grc'><strong>16</strong></span> <span class='ocrx_word' id='word_1_626' title='bbox 673 3231 784 3273; x_wconf 89' lang='lat' dir='ltr'><strong>inter</strong></span> <span class='ocrx_word' id='word_1_627' title='bbox 822 3224 954 3272; x_wconf 84' lang='lat' dir='ltr'><strong>lineas</strong></span> <span class='ocrx_word' id='word_1_628' title='bbox 994 3232 1220 3273; x_wconf 87' lang='lat' dir='ltr'><strong>atramento</strong></span> <span class='ocrx_word' id='word_1_629' title='bbox 1258 3228 1425 3285; x_wconf 84' lang='lat' dir='ltr'><strong>ductas,</strong></span> <span class='ocrx_word' id='word_1_630' title='bbox 1463 3230 1643 3275; x_wconf 90' lang='lat' dir='ltr'><strong>inclusas</strong></span> <span class='ocrx_word' id='word_1_631' title='bbox 1687 3232 1809 3276; x_wconf 90' lang='lat' dir='ltr'><strong>lineis</strong></span> <span class='ocrx_word' id='word_1_632' title='bbox 1852 3230 2274 3291; x_wconf 86' lang='lat' dir='ltr'><strong>perpendicularibus,</strong></span> <span class='ocrx_word' id='word_1_633' title='bbox 2303 3247 2384 3277; x_wconf 83' lang='lat' dir='ltr'><strong>una</strong></span> <span class='ocrx_word' id='word_1_634' title='bbox 2411 3235 2554 3280; x_wconf 86' lang='lat' dir='ltr'><strong>interi-</strong></span> 
     </span>
    </p>
   </div>
  </div>
 </body>
</html>
