2737 3600
172 288 394 345 Terentii,
426 286 611 348 Virgilii,
640 286 872 342 Juvenalis,
899 284 1060 341 Persii,
1089 283 1235 342 Statii,
1265 290 1309 330 et
1337 286 1563 346 scriptores
1577 290 1763 343 veteres,
1794 288 1860 346 qui
1895 288 2012 332 locos
2048 287 2309 332 Horatianos
2349 285 2543 343 afferunt,

168 356 456 411 Quintilianum
483 357 686 416 inprimis,
716 355 938 412 diligenter
964 353 1323 412 pervolutavimus‚
1351 354 1563 412 locosque,
1593 368 1695 412 quos
1714 356 1854 411 citant,
1885 370 2027 399 omnes
2052 356 2354 415 excerpsimus.
2409 355 2542 398 Prae·

167 430 285 473 terea
311 424 495 486 codicum
524 426 575 467 ab
605 423 698 465 aliis
728 422 831 465 viris
861 421 993 465 doctis
1023 425 1066 464 et
1095 421 1191 464 olim
1220 426 1262 475 et
1287 436 1419 481 nuper
1447 422 1681 466 collatorum
1707 423 1907 467 lectiones
1940 438 2081 467 omnes
2112 423 2337 481 diligenter
2357 436 2540 480 conges-

169 492 295 537 simus
324 496 369 537 et
396 492 598 536 editiones
629 503 797 549 operum
824 487 992 533 Horatii
1017 489 1221 548 potiores,
1252 488 1302 533 de
1331 490 1472 548 quibus
1501 490 1705 550 plerisque
1733 492 1776 534 in
1804 491 2062 550 praefatione
2077 496 2225 535 nostra
2239 489 2292 534 ad
2310 488 2544 535 Satirarum
2637 521 2642 523 -

168 558 264 606 Vol.
293 559 330 605 1.
357 575 398 621 p.
427 570 503 602 cnr
525 581 586 591 —
609 570 731 600 cxvi.
760 557 935 616 egimus,
966 571 992 600 a
1021 557 1184 601 saeculo
1214 571 1292 606 xv.
1321 572 1447 617 usque
1475 558 1527 602 ad
1554 563 1738 603 nostram
1759 563 1934 602 aetatem
1952 559 2044 602 fere
2063 553 2224 603 centum
2242 572 2332 602 cum
2356 558 2542 602 virorum

168 627 382 671 doctorum
412 625 713 670 commentariis
742 625 1088 684 perlustravimus.

248 710 250 712 ’
279 694 354 740 Sic
382 697 602 753 apparatus
633 693 799 737 criticus
829 692 881 737 ad
908 693 1124 738 Horatium
1150 693 1339 754 paulatim
1366 694 1488 738 nobis
1517 695 1713 750 accrevit,
1743 693 1900 753 qualem
1942 707 2026 737 non
2050 693 2173 737 facile
2202 693 2308 738 alius
2338 694 2542 753 quispiam

167 777 222 807 ex
251 762 534 821 superioribus
562 762 607 805 in
636 761 777 805 eodem
807 776 933 821 opere
963 764 1169 821 occupatis
1198 763 1424 822 congessit.
1482 760 1638 815 Quibus
1669 776 1724 806 ex
1751 763 1900 821 copiis,
1929 765 1975 804 ut
2001 760 2054 804 ad
2081 762 2255 805 fontium
2282 761 2542 806 Horatianae

164 830 355 873 lectionis
396 830 677 888 cognitionem
714 830 865 888 aliquid
902 831 1159 874 conferamus
1196 836 1239 874 et
1275 830 1328 873 ad
1356 831 1509 887 justam
1537 829 1858 874 Horatianorum
1902 844 2070 889 operum
2109 828 2356 884 editionem,
2387 830 2427 872 si
2454 830 2543 872 vita

165 897 359 955 viresque
399 900 637 957 suppetent,
673 897 779 940 viam
818 897 938 940 nobis
976 898 1223 954 muniamus,
1248 898 1335 956 jam
1361 896 1555 941 nonnulla
1582 897 1627 939 in
1654 896 1826 941 medium
1853 896 2131 960 proferemus,
2161 900 2350 954 quantum
2379 896 2541 955 quidem

165 965 413 1023 praescripti
438 965 558 1022 hujus
591 966 729 1025 operis
757 965 905 1008 limites
935 965 1171 1010 concedent.
1227 966 1292 1008 Ac
1319 966 1490 1024 primum
1505 964 1686 1014 codices,
1718 966 1859 1021 quibus
1888 965 1955 1007 usi
1985 978 2139 1018 sumus,
2168 964 2289 1021 paulo
2310 966 2541 1008 accuratius

165 1031 460 1086 describemus,
488 1037 569 1075 tum
598 1033 648 1076 de
675 1033 797 1075 rebus
826 1032 1031 1075 nonnullis
1061 1032 1114 1074 ad
1140 1033 1356 1075 historiam
1384 1036 1521 1074 textus
1550 1033 1649 1089 (quo
1679 1031 1874 1074 vocabulo
1905 1032 2113 1073 abstinere
2140 1030 2262 1073 nobis
2290 1044 2375 1073 non
2401 1032 2543 1085 licuit]
2618 1045 2621 1047 ·

164 1098 386 1143 Horatiani
421 1100 742 1159 pertinentibus,
775 1099 886 1142 velut
914 1098 965 1141 de
995 1099 1169 1157 antiquis
1198 1098 1436 1143 scholiastis
1465 1103 1509 1141 et
1530 1099 1820 1156 interpretibus
1841 1098 2025 1152 Horatii,
2052 1112 2133 1139 nec
2161 1110 2247 1139 non
2275 1096 2326 1139 de
2356 1097 2542 1141 codicum

166 1171 385 1211 msctorum
429 1172 547 1226 atque
595 1167 815 1211 editionum
850 1167 1114 1209 vetustiorum
1152 1166 1320 1209 familiis
1358 1179 1552 1223 agemus,
1600 1169 1644 1207 et
1679 1165 1862 1208 codicum
1901 1165 2076 1208 omnium
2123 1163 2256 1207 adhuc
2303 1163 2543 1209 collatorum

165 1234 338 1278 iudicem
365 1235 408 1278 in
435 1235 571 1278 tabula
599 1235 877 1278 exhibebimus
891 1265 906 1288 ,
933 1237 1140 1291 postremo
1171 1232 1470 1291 disputationes
1500 1232 1551 1274 de
1580 1236 1673 1275 octo
1703 1233 1893 1275 versibus
1933 1232 2087 1286 satirae
2126 1231 2309 1275 decimae
2340 1233 2542 1291 praemis-

168 1303 228 1345 sis
259 1307 301 1345 et
327 1302 378 1345 de
407 1303 650 1346 carminibus
678 1302 774 1344 libri
797 1314 867 1343 111.
898 1299 1136 1343 duodecimo
1167 1304 1210 1341 et
1235 1299 1330 1342 libri
1359 1312 1421 1342 iv.
1453 1302 1599 1341 octavo
1629 1297 1836 1342 addemuS.

503 1589 859 1649 comeum
891 1590 978 1647 1..
1014 1587 1286 1658 quibus
1330 1586 1452 1645 usi
1485 1599 1741 1645 sumus
1776 1585 2199 1656 ‹lesen-iptio.

143 1751 145 1753 r
282 1693 464 1739 Codices
493 1696 646 1736 msctos
674 1696 842 1736 nostros
871 1690 1019 1750 partim
1049 1689 1184 1733 omnia
1210 1688 1380 1732 Horatii
1409 1702 1553 1748 opera,
1581 1687 1728 1747 partim
1758 1687 1909 1744 aliquot
1936 1686 2002 1731 vel
2020 1688 2209 1746 singulos
2227 1686 2371 1734 e'orum
2390 1690 2542 1749 libros,

167 1763 314 1825 partim
352 1762 513 1805 laceras
554 1773 695 1803 eorum
721 1758 942 1819 particulas
982 1758 1239 1802 continentes
1271 1756 1560 1814 quinquaginta
1586 1768 1866 1807 numeramus3
1898 1768 1952 1797 ex
1980 1755 2121 1812 quibus
2151 1757 2326 1815 triginta
2354 1772 2432 1801 sex
2460 1760 2545 1820 ipsi

167 1834 213 1877 in
239 1831 423 1876 manibus
451 1829 661 1873 habuimus
692 1832 734 1871 et
762 1827 814 1870 ad
841 1827 1008 1870 verbum
1037 1829 1226 1870 accurate
1256 1823 1509 1868 contulimus.
1568 1821 1675 1867 Sunt
1691 1826 1824 1866 autem
1841 1821 2137 1867 Berolinenses
2158 1824 2351 1882 quinque,
2379 1826 2543 1872 Dessa.

166 1901 335 1945 vienses
363 1903 467 1953 tres,
494 1896 743 1955 Lipsienses
788 1895 977 1951 quinque,
1005 1892 1273 1937 Dresdenses
1303 1892 1491 1949 quinque,
1521 1904 1610 1933 cum
1638 1893 1810 1946 quatuor
1839 1889 2009 1933 aliorum
2035 1890 2282 1936 lectionibus
2314 1895 2542 1953 excerptis,

167 1967 350 2013 Gothani
385 1970 496 2020 tres,
545 1962 842 2020 Gottingenses
884 1960 987 2016 duo,
1032 1958 1381 2018 Guelpherbytani
1424 1961 1534 2013 tres,
1572 1955 1851 2001 Monacenses
1892 1958 2086 2015 quinque,
2133 1962 2216 2002 tum
2254 1974 2309 2003 ex
2344 1958 2543 2006 Helvetia

165 2035 435 2079 Basileenses
464 2036 568 2087 tres,
597 2030 731 2073 codex
760 2028 1025 2083 Turicensis,
1054 2026 1189 2071 codex
1215 2025 1489 2069 Morellianus
1520 2038 1546 2065 a
1572 2024 1692 2066 nobis
1721 2023 1869 2078 dictus,
1912 2024 2093 2066 codicum
2122 2026 2242 2067 trium
2262 2024 2541 2071 Beruensium

164 2103 367 2148 lectiones
397 2115 423 2144 a
448 2098 652 2143 Muellero
681 2096 736 2144 V.
767 2087 983 2140 Cl.'nobis
1014 2097 1251 2156 excerptae.
1309 2092 1420 2136 Tum
1457 2090 1610 2135 codicis
1638 2089 1882 2134 Menteliani
1907 2090 2107 2135 lectiones
2136 2091 2189 2135 ad
2216 2093 2443 2151 marginem
2472 2095 2539 2140 ed.

162 2172 355 2232 Desprez
383 2168 499 2212 1605
527 2166 773 2226 adscriptae,
803 2179 919 2224 quam
946 2163 1125 2222 benigne
1154 2162 1367 2207 nobiscum
1395 2159 1705 2203 communicavit
1733 2157 2000 2202 Gersdorf
2005 2160 2088 2224 ius
2117 2158 2170 2205 V.
2202 2158 2266 2206 Cl.
2294 2161 2390 2205 bibl.
2422 2163 2541 2207 acad.

166 2238 409 2300 Lipsiensis
447 2236 698 2296 praefectus.
763 2234 876 2278 Dein
912 2231 1086 2291 Sylloge
1123 2229 1454 2284 Burmanniana,
1491 2242 1594 2286 quae
1631 2228 1676 2271 in
1711 2226 1957 2270 bibliotheca
1992 2228 2114 2286 reg-ia
2148 2227 2290 2272 Berol.
2331 2236 2540 2288 servatur,

165 2309 285 2353 Petri
311 2306 538 2351 Burmanni
564 2318 682 2348 manu
709 2303 908 2347 lectiones
938 2315 993 2345 ex
1019 2300 1149 2344 tribus
1179 2312 1279 2344 mss.
1306 2296 1617 2351 vetustissimis,
1647 2294 1897 2350 Graevian0‚
1925 2294 2128 2339 Leidensi
2157 2296 2199 2338 et
2228 2294 2540 2344 Zalichemiano

165 2379 384 2436 excerptas
414 2373 629 2418 continens
667 2387 794 2430 usque
839 2369 890 2414 ad
919 2368 997 2413 Od.
1025 2367 1081 2412 L.
1109 2366 1185 2417 IV.
1216 2381 1252 2411 c.
1282 2368 1324 2409 2.
1355 2365 1399 2409 in
1436 2378 1514 2424 quo
1554 2363 1719 2407 desinit.
1777 2362 1863 2406 Sed
1892 2361 2113 2407 Graeviani
2141 2361 2297 2408 codicis
2335 2365 2538 2412 lectiones

166 2458 307 2490 omnes
337 2443 388 2486 ab
415 2441 524 2486 Jano
550 2439 817 2485 Broukhusio
857 2437 925 2485 ad.
952 2451 1083 2496 marg.
1111 2434 1177 2481 ed.
1204 2433 1372 2479 Heinsii
1397 2431 1538 2492 Lugd.
1568 2434 1682 2476 1612
1712 2431 1936 2490 adscriptas
1967 2445 2055 2474 cum
2082 2430 2165 2474 illis
2195 2432 2389 2477 conferre
2416 2435 2540 2479 nobis

165 2513 281 2556 licuit
306 2525 382 2570 per
408 2508 603 2553 Hessii
629 2506 683 2553 V.
714 2507 780 2551 Cl.
817 2503 1090 2551 bibliothecae
1133 2519 1183 2548 ac
1221 2503 1421 2547 tabulario
1470 2502 1670 2561 principis
1706 2498 1948 2544 Rudolstad.
1994 2499 2198 2558 praefecti
2235 2500 2539 2548 humanitatem.

163 2580 392 2624 Praeterea
418 2575 643 2619 Burmanni
671 2574 836 2632 sylloge
863 2575 957 2618 Nic.
979 2573 1148 2617 Heinsii
1177 2572 1435 2629 conjecturas
1465 2573 1508 2612 et
1534 2573 1656 2612 notas
1685 2568 1832 2611 breves
1862 2566 2052 2610 continet.
2107 2565 2233 2611 Libri
2251 2569 2373 2613 mscti
2391 2575 2541 2624 autem,

167 2660 270 2706 quos
307 2643 506 2687 Heinsius
546 2642 672 2695 citat,
710 2641 771 2684 nil
807 2642 892 2684 nisi
920 2639 1146 2696 Cruquiani
1183 2642 1280 2682 sunt
1317 2637 1508 2689 codices,
1544 2636 1643 2679 licet
1669 2635 1799 2693 ipsius
1829 2634 1924 2677 olim
1952 2633 2080 2676 fuerit
2107 2632 2244 2677 codex
2270 2635 2396 2695 Lips.
2423 2640 2469 2693 8,
2498 2640 2539 2683 b.

165 2715 312 2760 Altera
337 2709 561 2756 Burmanni
589 2707 753 2768 sylloge
782 2706 1022 2753 collationes
1041 2705 1209 2749 duorum
1227 2703 1344 2749 codd.
1400 2702 1751 2748 Dorvillianorum
1770 2704 1811 2746 et
1832 2699 1923 2745 cod.
1944 2697 2219 2745 corbeiensis
2238 2703 2539 2763 complectitur,

165 2783 217 2827 de
240 2781 383 2842 quibus
407 2779 519 2824 infra
547 2791 728 2837 agemus.
1157 2814 1161 2817 .

276 2849 439 2893 norum
465 2846 646 2890 codicum
673 2844 900 2904 complures
930 2846 973 2884 et
997 2840 1094 2884 olim
1126 2844 1169 2883 et
1190 2853 1321 2898 nuper
1349 2837 1401 2880 ad
1425 2851 1526 2880 usus
1561 2837 1743 2880 virorum
1770 2836 1978 2879 doctorum
2005 2836 2049 2878 in
2075 2836 2345 2879 recensendis
2371 2836 2541 2883 Horatii

166 2918 335 2979 scriptis
364 2915 533 2960 adhibiti
561 2918 668 2958 sunt.
726 2911 813 2957 Sed
837 2909 946 2969 quod
971 2906 1186 2953 dolendum
1214 2911 1302 2960 est,
1339 2905 1546 2966 plerisque
1580 2919 1724 2949 eorum
1750 2919 1831 2948 non
1853 2904 1971 2963 ipsos
1998 2901 2119 2948 codd.
2147 2908 2300 2948 msctos
2327 2905 2540 2966 inspicere

165 2988 297 3044 licuit,
325 2984 403 3031 sed
427 2984 626 3030 lectiones
654 2981 749 3028 inde
778 2983 995 3040 excerptas
1024 2976 1144 3023 modo
1171 2977 1216 3022 in
1233 2975 1417 3021 manibus
1437 2973 1678 3031 habuerunt.
1736 2972 1811 3027 Sic
1827 2971 1855 3017 J
1865 2972 1951 3018 ani
1971 2971 2081 3030 olim,
2110 2972 2176 3017 vir
2193 2971 2539 3034 diligentissimus

167 3059 211 3101 et
235 3054 288 3100 de
304 3052 478 3114 Lyricis
496 3051 663 3097 Horatii
678 3049 979 3105 meritissimus,
1006 3047 1051 3090 in
1069 3044 1302 3091 Cal-minum
1328 3042 1509 3087 editione
1534 3040 1656 3085 modo
1675 3045 1893 3085 msctorum
1910 3041 1960 3083 ab
1985 3040 2077 3083 aliis
2093 3040 2334 3085 collatorum
2348 3041 2540 3088 lectioni-

169 3124 247 3166 bus
276 3127 345 3165 est
368 3136 494 3177 usus,
523 3135 649 3180 quare
675 3119 858 3162 codicum
881 3117 1070 3171 omnium,
1099 3128 1203 3173 quos
1230 3114 1324 3173 ipse
1347 3126 1432 3155 non
1449 3110 1553 3153 vidit
1575 3111 1642 3164 (in
1661 3111 1803 3167 quibus
1820 3109 1999 3151 Dessav.
2019 3111 2060 3152 1.
2078 3112 2123 3151 et
2137 3111 2182 3151 2.
2196 3108 2417 3169 Lipsiens.
2437 3115 2480 3154 1.
2496 3115 2539 3155 2.

166 3192 214 3245 8,
232 3191 274 3234 b.
295 3193 338 3234 4.
355 3189 464 3250 apud
479 3189 580 3245 nos)
608 3187 908 3248 descriptiones
927 3198 1092 3230 mancas
1118 3198 1167 3227 ac
1192 3195 1344 3242 pravas
1375 3180 1426 3225 ab
1454 3179 1547 3224 aliis
1564 3183 1755 3238 acceptas
1777 3177 1957 3223 exhibuit
1975 3176 2020 3221 in
2033 3175 2196 3236 proleg.
2205 3192 2259 3278 p.
2276 3193 2330 3224 rx
2349 3204 2408 3215 —
2423 3194 2538 3225 xvn,

2170 3259 2194 3299 l
