2737 3600
1338 172 1403 222 51

187 318 281 371 pter
308 314 430 354 totam
457 308 658 364 indolem,
694 308 740 352 in
765 307 993 352 litterarum
1029 305 1234 350 maiorum-
1260 305 1537 365 minorumque
1573 305 1721 367 figura,
1751 307 1794 350 in
1824 306 1944 369 siglis
1982 312 2025 351 et
2063 307 2317 368 compendiis
2354 307 2564 358 scribendi

186 378 462 438 conspicuam,
491 382 574 420 tum
601 380 773 435 propter
802 373 1031 431 singularia
1059 372 1253 430 quaedam
1280 373 1389 415 illins
1418 374 1566 416 aetatis
1594 375 1756 418 indicia.
1794 391 1867 431 ae,
1898 391 1956 419 oe
1985 376 2229 434 diphthongi
2257 389 2348 419 cum
2379 389 2419 418 ae
2448 374 2559 431 siglo

187 446 295 488 haud
309 447 607 501 infrequentes,
621 442 702 485 etsi
730 441 963 499 plerumque
990 454 1067 498 per
1095 456 1125 506 f
1152 440 1219 483 vel
1248 454 1272 483 e
1301 454 1540 499 expressae.
1599 456 1622 485 e
1650 443 1786 487 littera
1812 443 2003 488 lineolam
2040 441 2210 502 capituli
2238 456 2293 486 ex
2324 441 2560 487 vetustissi-

186 525 251 556 mo
280 526 357 555 usu
394 508 614 570 protendit.
675 507 701 550 d
730 512 773 550 et
801 506 829 549 δ
854 507 1110 567 promiscue;
1140 521 1164 550 r
1190 507 1422 566 plerumque
1451 509 1659 567 scriptum,
1689 523 1704 554 ι
1732 512 1881 553 rarius.
1949 512 1972 551 1·
1993 510 2159 568 longum
2188 509 2351 566 ubique,
2383 523 2405 550 s
2435 508 2560 550 finale

184 593 309 638 supra
334 579 482 624 lineam
510 576 683 619 effertur
718 575 1053 634 (lippuss).1n
1082 576 1201 633 siglis
1232 574 1290 631 dc,
1323 575 1347 620 7
1375 590 1452 636 pro
1492 581 1534 620 et
1559 577 1809 635 frequenter.
1869 591 1891 619 a
1921 592 1996 636 pro
2027 591 2143 631 con,
2154 586 2230 623 «ta
2259 590 2336 635 pro
2367 580 2469 631 est,
2500 575 2560 632 fl·

184 659 261 706 pro
291 646 447 698 enim,-
467 644 637 702 passim.
693 641 742 686 In
772 642 1219 707 distinctionibus
1255 648 1442 702 punctum
1470 644 1601 702 majus
1631 647 1670 699 (.
1687 645 1706 701 )
1736 650 1779 687 et
1805 645 1938 687 minus
1967 648 2014 699 (⁶
2023 646 2064 699 ),
2095 644 2319 687 semicolon
2348 647 2386 698 (3
2419 646 2484 697 μ)
2514 647 2558 686 et

182 711 468 768 interrogandi
514 712 677 769 signum
716 710 1034 768 frequentantur.
1072 735 1125 744 -
1163 710 1567 769 orthographia
1613 725 1795 754 vocum
1843 712 1973 770 proba
2017 712 2249 770 plerumque
2297 716 2340 754 et
2377 711 2557 768 antiqua.

183 778 432 837 Juppiter
460 776 643 837 (Jupiter
661 780 796 834 raro),
824 777 1125 833 Maecenas,
1153 777 1381 832 Bachus,
1411 777 1640 835 Apulus,
1669 779 1837 833 milia,
1869 792 2057 833 sucus,
2086 778 2263 833 belua,
2292 779 2442 833 baca,
2473 777 2556 821 he-

185 859 300 901 res,
328 850 641 904 percontor,
680 853 852 899 artus,
882 844 1151 889 Volcanus
1189 845 1285 899 (sed
1328 844 1462 896 vult,
1504 843 1739 899 vulgus),
1779 844 2050 901 quicquid,
2088 846 2423 902 nequiquam,
2463 859 2557 888 um·

181 978 371 1035 deicit,
399 980 611 1035 vicium,
641 980 888 1034 ambicio,
917 979 1082 1033 racio,
1113 976 1368 1029 avaricia,
1399 988 1616 1027 aeneus,
1657 975 1907 1027 (aheneus
1937 978 1981 1018 in
2011 978 2122 1018 nullo
2152 980 2380 1021 vetustiore
2410 979 2555 1021 codice

182 1048 337 1101 inveni)
368 1046 538 1101 velud,
566 1047 761 1103 inquid,
789 1046 966 1105 passim3
996 1044 1220 1087 accusativi
1245 1042 1324 1089 111.
1354 1042 1502 1084 declin.
1531 1042 1574 1083 in
1606 1054 1662 1083 es
1692 1041 1783 1083 fere
1813 1056 1988 1099 semper.
2021 1066 2077 1074 —
2104 1042 2302 1087 Lectio
2332 1045 2452 1102 hujus
2483 1059 2555 1089 co-

182 1112 285 1156 dicis
315 1128 339 1155 e
367 1114 480 1163 bono,
504 1118 546 1156 et
573 1118 735 1155 vetusto
777 1111 1000 1168 exemplari
1028 1110 1174 1163 ducta,
1211 1123 1315 1167 pura
1341 1108 1576 1166 plerumque
1606 1111 1649 1149 et
1677 1105 1914 1162 emendata,
1951 1107 2159 1151 librarium
2187 1109 2324 1168 prodit
2351 1112 2453 1154 satis
2483 1111 2556 1155 do-

183 1185 288 1224 ctum
315 1185 358 1224 et
385 1179 643 1239 diligentem,
681 1184 725 1223 nt
752 1179 796 1222 in
824 1177 1060 1221 melioribus
1091 1176 1253 1219 omnino
1282 1174 1400 1218 libris
1437 1174 1505 1217 hic
1533 1172 1807 1216 numerandus
1838 1174 1906 1215 sit.
1964 1174 2033 1216 Ex
2062 1177 2152 1233 ejus
2181 1176 2425 1219 lectionibus
2454 1192 2556 1221 non·

182 1248 313 1292 nullas
351 1248 418 1291 hic
457 1248 609 1290 afferre
645 1247 790 1305 placet.
846 1243 980 1301 Epod.
1019 1246 1091 1296 17,
1127 1245 1198 1284 8⁶.
1285 1241 1432 1293 Quae
1461 1241 1559 1282 finis
1590 1242 1729 1297 (quis
1759 1243 1992 1298 superscr.)
2048 1242 2104 1285 11.
2144 1243 2232 1286 Sat.
2269 1246 2315 1298 7,
2353 1248 2451 1288 1⁰⁰.
2489 1247 2558 1302 qui

181 1329 284 1374 puer
310 1329 405 1358 uva
432 1315 641 1357 Furtivam
670 1317 796 1354 mutat
824 1309 1113 1366 strigilem.
1143 1311 1190 1362 8,
1216 1310 1259 1351 4.
1290 1307 1367 1361 da,
1398 1308 1438 1351 si
1466 1321 1610 1365 grave.
1641 1307 1744 1363 (dic
1774 1310 2000 1367 superscr.)
2047 1308 2082 1353 1.
2112 1308 2245 1367 Epist.
2274 1311 2319 1366 ὅ,
2349 1312 2420 1357 24.
2458 1326 2557 1356 nec

181 1383 300 1425 fidos.
328 1386 373 1437 6,
400 1385 470 1425 81.
499 1381 578 1424 hoc
607 1395 687 1437 age
717 1376 944 1420 divitiis.
984 1377 1029 1429 τ,
1059 1377 1129 1418 16.
1159 1388 1184 1417 o
1214 1379 1267 1417 tu
1296 1375 1564 1431 quantumvis.
1593 1375 1666 1419 57.
1702 1375 1772 1419 At
1797 1390 2037 1433 properare.
2071 1375 2128 1421 11.
2157 1377 2235 1436 Ep.
2266 1380 2309 1434 1,
2338 1380 2434 1422 12⁷.
2465 1393 2556 1422 ser·

181 1448 366 1492 monibus
395 1461 563 1490 aures.
593 1448 637 1500 2,
665 1446 736 1489 5³.
767 1443 870 1486 satis
900 1453 1224 1497 expugnare.
1263 1443 1361 1484 loe.
1404 1442 1478 1485 snb
1508 1441 1740 1500 gelidam
1767 1448 1985 1487 noctem.
2023 1446 2122 1488 2⁰2.
2162 1450 2335 1488 aetatem
2374 1445 2555 1490 ducimus

183 1515 365 1558 astris.
421 1513 509 1556 Ars
537 1516 648 1569 poet.
677 1513 775 1554 189.
831 1508 1152 1553 Parturiunt
1178 1512 1353 1551 montes.
1382 1509 1483 1552 818.
1513 1513 1556 1551 et
1582 1523 1739 1552 veras
1768 1509 1876 1553 hinc.
1905 1534 1963 1544 --

295 1650 372 1704 46)
400 1648 582 1695 Μοιι.
611 1647 674 1695 5.
714 1645 904 1691 Codex
930 1647 973 1690 ὅ.
1012 1644 1374 1690 bibliothecae
1411 1645 1622 1706 Regiae
1649 1646 2000 1693 Monacensis
2041 1662 2152 1693 saec.
2179 1647 2277 1693 XII.
2304 1650 2555 1694 membrana-

182 1729 281 1762 ceus
310 1715 354 1760 in
381 1717 434 1759 4⁰
468 1715 577 1775 sign.
608 1714 685 1758 Nr.
713 1714 769 1757 D.
796 1717 838 1757 fl.
871 1727 907 1757 e.
951 1712 1395 1771 Weihestephanensis
1423 1715 1494 1756 68.
1523 1714 1606 1756 Hic
1635 1715 1782 1770 codex,
1810 1718 1945 1758 forma
1972 1717 2181 1773 quadrata,
2211 1718 2455 1773 tegumentis
2484 1717 2556 1758 fir-

182 1776 259 1826 inis
288 1784 402 1826 corio
432 1784 524 1825 albo
551 1784 771 1835 involutis,
800 1784 843 1823 in
881 1781 1221 1839 splendidioribus
1244 1781 1411 1824 Horatii
1436 1781 1724 1826 numerandus.
1784 1781 1909 1826 Sola
1937 1783 2158 1827 Horatii
2185 1798 2349 1843 opera
2377 1784 2558 1828 continet

180 1851 225 1895 in
253 1851 485 1895 membrana
512 1850 734 1904 crassiore,
765 1847 936 1892 candida
964 1852 1006 1892 et
1031 1848 1076 1892 in
1104 1851 1271 1906 utraque
1299 1848 1454 1908 pagina
1481 1848 1586 1892 bene
1613 1855 1859 1909 praeparata
1885 1849 2207 1893 luculentissime
2238 1851 2404 1910 scripta.
2434 1850 2556 1894 Folia

183 1918 307 1963 habet
333 1921 407 1974 99,
438 1918 571 1961 omnia
599 1917 795 1974 aequalia.
852 1915 903 1958 In
929 1916 1068 1974 priore
1097 1920 1213 1973 parte
1242 1915 1315 1957 fol.
1347 1919 1370 1956 1
1397 1939 1454 1948 —
1474 1918 1545 1958 81.
1604 1916 1711 1958 Ars
1741 1922 1876 1974 poet.
1933 1917 2302 1974 Epistularum
2330 1919 2461 1962 libri
2489 1918 2553 1961 11.

183 2001 207 2029 e
218 1992 236 2028 t
264 1985 295 2030 S
307 2001 410 2028 erm
422 2000 446 2028 o
457 2000 518 2027 nn
529 2000 568 2027 m
596 1985 727 2027 libri
754 1983 820 2025 11.
848 1984 996 2025 litteris
1023 1983 1306 2041 pinguioribus
1321 1997 1369 2025 ac
1383 1982 1671 2041 grandioribus
1685 1983 1830 2041 ubique
1845 1983 2079 2041 aequalibus
2095 1982 2308 2042 splendide
2323 1984 2480 2044 scripti.
2500 2011 2551 2020 -

181 2053 232 2098 ln
259 2053 389 2097 altera
415 2057 531 2112 parte
560 2067 586 2095 a
612 2052 750 2112 priore
779 2050 940 2094 multum
969 2049 1134 2094 diversa
1159 2049 1362 2107 Lyrica
1388 2050 1542 2106 insunt,
1568 2050 1653 2094 alia
1679 2064 1821 2104 manu,
1853 2049 1928 2094 sed
1957 2052 2061 2094 satis
2091 2050 2304 2113 diligenti,
2332 2053 2550 2110 angustius

183 2124 369 2176 exarata,
398 2133 525 2177 usque
564 2119 617 2161 ad
643 2119 717 2163 lv.
748 2119 824 2161 od.
852 2121 898 2172 8,
929 2121 996 2160 Π.
1040 2118 1254 2160 deficiente
1283 2117 1441 2174 reliqua
1476 2123 1593 2176 parte
1622 2118 1719 2161 libri
1746 2117 1821 2162 IV.
1860 2134 1948 2160 cnm
1975 2118 2133 2177 Epodis
2163 2124 2206 2161 et
2233 2117 2426 2161 Carmine
2455 2134 2549 2162 sae-

181 2188 407 2230 culariu—
433 2187 484 2229 In
510 2188 640 2245 prima
666 2188 787 2242 hujus
816 2185 970 2229 codicis
998 2184 1152 2243 pagina
1178 2182 1277 2229 Vita
1303 2183 1374 2227 illa
1400 2184 1570 2242 legitur,
1600 2185 1714 2242 cujus
1743 2184 1899 2228 initium
1928 2190 2015 2229 est.
2056 2186 2105 2239 Q.
2135 2186 2343 2229 Horatia
2368 2187 2553 2232 mam

181 2258 375 2299 libertino
397 2263 526 2310 patre
552 2261 680 2297 natue
707 2258 800 2296 cett.
831 2258 913 2295 tum
941 2250 1272 2311 prolegomena
1260 2266 1304 2294 ιιι
1333 2250 1478 2295 Artem
1505 2256 1616 2311 poe’t.
1646 2253 1785 2295 inania
1811 2253 2005 2310 parvique
2034 2252 2381 2296 aestimandm—
2411 2252 2460 2298 In
2489 2254 2549 2297 al-

181 2324 311 2366 terius
339 2322 431 2366 folii
458 2321 555 2365 Atti
581 2324 689 2380 poet.
718 2319 891 2380 praefixi
920 2320 1072 2379 pagina
1101 2318 1278 2362 adversa
1314 2320 1496 2362 cernitur
1532 2321 1670 2378 imago
1701 2319 1789 2363 Scti
1818 2320 2015 2379 Stephani
2044 2319 2181 2362 colore
2210 2320 2395 2363 violaceo
2425 2322 2551 2380 picta,

183 2388 250 2434 cui
267 2388 392 2433 abbas
415 2388 559 2447 librum
582 2387 754 2448 supplex
769 2386 905 2430 offert.
937 2386 1258 2445 circumscripta
1276 2391 1372 2428 sunt
1387 2387 1490 2429 haec
1518 2387 1665 2428 litteris
1681 2388 1835 2427 miniati
1820 2402 1879 2427 ιε.
1912 2388 2094 2427 Sanctus
2104 2387 2357 2442 Stephanus.
2396 2389 2553 2430 Servus

98 2508 103 2514 Ι
184 2457 343 2498 Sancte
370 2464 471 2497 tm
498 2459 605 2497 hunc
633 2458 781 2497 librum
809 2458 864 2496 do
892 2458 971 2497 tibi
997 2458 1203 2497 alunnum.
1229 2469 1310 2509 pro
1338 2470 1418 2509 quo
1445 2470 1581 2497 merce
1609 2454 1734 2509 (dem)
1764 2456 1891 2496 caelis
1911 2470 1976 2496 me
1998 2454 2142 2507 (mihi)
2163 2457 2296 2498 redde
2306 2470 2549 2510 perennent.

181 2524 232 2566 In
249 2525 410 2582 ‚pagina
438 2537 587 2565 aversa
614 2522 780 2565 Horatii
806 2522 967 2579 imago,
1005 2524 1169 2564 oracius
1206 2520 1431 2580 inscripta,
1461 2525 1506 2565 ut
1527 2521 1691 2580 juvenis
1722 2521 1855 2564 tunica
1892 2525 1934 2563 et
1970 2520 2092 2579 pallio
2130 2520 2283 2576 induti,
2322 2522 2481 2581 apicem
2508 2524 2553 2567 in

183 2591 340 2649 capite,
380 2594 582 2647 sceptrum
618 2588 662 2630 in
700 2587 845 2630 dextra
880 2588 1085 2646 gestantis
1116 2588 1255 2632 colore
1285 2589 1469 2632 violaceo
1498 2590 1609 2648 picta
1636 2590 1836 2642 cernitur,
1874 2588 1991 2630 laeva
2028 2588 2248 2631 lemniscos
2287 2594 2476 2640 tenente,
2508 2592 2552 2633 in

183 2657 325 2717 quibus
365 2656 465 2699 haec
506 2654 680 2713 scripta:
724 2653 879 2696 Lector
908 2662 1148 2710 pertractet
1175 2658 1325 2697 Flacci
1361 2658 1462 2712 quid
1498 2659 1676 2712 epistola
1715 2662 1888 2696 tractet.
1954 2655 2128 2696 Librum
2173 2670 2408 2699 temanum
2456 2660 2551 2713 lege

182 2728 415 2769 doctrinam
443 2725 521 2764 tibi
545 2737 717 2763 morum.
776 2722 844 2762 Sit
875 2724 954 2763 tibi
980 2725 1173 2764 doctrina
1209 2725 1314 2765 bene
1340 2726 1537 2766 dictandi
1555 2726 1734 2780 poetria.
1793 2722 1899 2764 Post
1934 2720 2214 2780 Epistularum
2250 2722 2394 2767 librum
2421 2723 2477 2768 II.
2508 2726 2552 2768 in

183 2793 257 2836 fol.
286 2796 354 2836 4⁰.
385 2804 532 2834 averso
563 2787 797 2832 Calendarii
836 2789 1043 2846 specimen
1080 2788 1320 2845 exhibetur,
1357 2790 1402 2834 in
1440 2805 1517 2848 quo
1557 2806 1611 2834 ex
1647 2789 1849 2833 Friderici
1885 2788 1919 2831 Ι.
1962 2787 2257 2833 Germanorum
2284 2790 2550 2849 Imperatoris

182 2859 521 2906 vita-novissima
548 2855 741 2914 quaedam
771 2853 822 2900 ad
850 2870 887 2899 a.
918 2856 1031 2900 1168
1058 2855 1306 2915 pertinentia
1333 2856 1592 2914 referuntur;
1621 2859 1663 2902 in
1690 2857 1760 2901 fol.
1787 2859 1842 2900 41
1872 2857 2009 2899 brevis
2039 2858 2215 2900 historia
2242 2858 2385 2901 ducum
2413 2859 2551 2903 Bava-

182 2929 359 2973 ricorum
387 2926 540 2986 legitur
566 2939 693 2983 usque
723 2922 775 2966 ad
802 2922 1024 2966 Henricum
1040 2922 1282 2983 Superbum,
1312 2924 1485 2968 Hem-ici
1510 2925 1635 2984 Nigri
1662 2926 1783 2968 filium
1812 2938 1865 2967 ex
1884 2925 2116 2980 Wuli'hildi,
2144 2925 2307 2984 Magni,
2338 2926 2553 2971 Saxonum

182 2996 315 3052 ducis,
344 2996 441 3039 iilia.
469 3017 523 3027 -
552 2993 596 3036 ls
625 2993 830 3036 Henricus
860 2991 1069 3050 Superbus
1098 2992 1303 3036 Bavariae
1331 2993 1512 3051 praefuit
1540 3010 1577 3037 a.
1608 2994 1719 3037 1125
1746 3017 1798 3024 —
1830 2994 1957 3048 1189,
1987 3008 2064 3050 quo
2095 2993 2207 3037 obiit.
2268 2992 2450 3039 Uxorem
2478 2996 2552 3040 ha-

181 3065 269 3107 buit
282 3063 519 3118 Gertrndin,
547 3061 743 3105 Lotharii
755 3060 1020 3119 Imperatoris
1050 3074 1105 3104 ex
1131 3059 1345 3105 Richenza
1371 3060 1508 3105 filiam.
1523 3061 1661 3106 -Ex
1687 3061 1750 3105 his
1781 3075 1882 3119 quae
1911 3060 2129 3117 attulimus,
2158 3060 2340 3106 codicem
2367 3068 2555 3109 nostrum
2579 3100 2586 3108 .

177 3130 367 3175 inaltera
382 3130 539 3175 saeculi
551 3128 650 3173 ΧΠ.
665 3133 781 3188 parte
798 3128 991 3187 scriptum
1006 3142 1119 3184 esse,
1147 3133 1261 3172 recte
1286 3129 1507 3188 colligitur.
1569 3129 1658 3183 Qua
1681 3143 1767 3171 cum
1790 3133 1922 3171 aetate
1946 3134 2055 3171 totus
2076 3131 2165 3187 ejus
2195 3130 2359 3174 habitus
2391 3138 2434 3174 et
2460 3134 2553 3191 ipsa

182 3201 409 3260 scripturae
436 3199 600 3244 indoles
640 3198 748 3242 omni
776 3210 830 3240 ex
867 3200 984 3257 parte
1012 3196 1217 3242 convenit.
1274 3197 1464 3257 Paginae
1493 3213 1633 3242 omnes
1673 3197 1875 3256 simplices
1912 3196 2062 3241 habent
2098 3212 2291 3244 versuum
2327 3199 2552 3255 columnas,

2174 3279 2239 3321 τ*
