2737 3600
1345 153 1408 201 ll

190 284 333 330 codice
361 291 491 331 mscto
527 285 853 331 monasterii
882 283 930 328 S.
958 284 1116 328 Petri
1155 283 1541 340 Corbeiensis‚
1581 286 1691 344 sign.
1727 286 1781 332 R.
1810 287 1887 330 Nr.
1928 289 2028 331 224.
2068 286 2218 331 collato
2258 300 2349 330 cum
2386 286 2567 330 editione

190 354 410 399 Haakiana
438 355 671 400 Schrevelii
697 352 853 410 Lugd„
875 351 936 396 B..
961 354 1086 397 levo.
1143 352 1214 396 Ex
1250 352 1413 411 sylloge
1441 352 1755 399 Burmanniana.
1815 353 1962 400 Codex
2003 355 2142 400 delicit
2169 355 2214 399 in
2243 352 2336 399 Sat.
2363 353 2424 409 11,
2452 356 2495 398 7.
2525 359 2570 397 ut

189 422 328 467 ultima
357 423 446 469 Sat.
479 422 600 466 desit.
639 420 691 464 In
727 420 794 463 his
833 418 1077 464 lectionibus
1115 435 1304 480 magnam
1341 425 1497 481 partem
1535 423 1675 482 pravis
1714 428 1756 467 et
1783 423 1947 467 vitiosis
1984 423 2135 468 multae
2163 428 2299 467 tamen
2329 420 2568 481 singulares

190 490 344 536 insunt.
401 490 489 534 Eas
527 490 573 532 in
601 487 755 531 Satiris
794 500 872 530 nos
915 488 1144 545 attullimus,
1186 489 1232 533 in
1257 488 1392 549 Epist.
1420 489 1476 533 L.
1505 489 1540 534 1.
1561 490 1785 534 0bbarius.
1813 491 1883 534 Ex
1909 491 2045 551 Epist.
2075 491 2133 535 L.
2160 491 2218 535 Π.
2249 495 2293 534 et
2317 490 2428 533 Arte
2455 496 2568 549 poet.

189 560 374 619 potiores
412 555 630 601 nonnullas
666 555 735 598 hic
774 555 1025 600 exhibemus.
1062 556 1119 601 Π.
1147 555 1323 617 Epist.
1353 560 1405 614 1,
1443 559 1514 602 85.
1552 564 1697 617 quotus
1727 558 1938 602 afferat
1974 573 2117 603 annus.
2145 561 2217 603 58.
2247 557 2492 602 Laevius
2521 557 2568 600 in

188 627 388 670 manibus.
418 627 490 668 01.
512 623 738 683 Suspendit
765 624 962 668 voltum
989 625 1151 685 picta.
1181 627 1279 670 115.
1310 625 1494 670 Gestit
1521 628 1657 671 enim
1684 628 1738 670 in
1765 627 1979 670 loculos
2008 641 2237 671 nummos
2267 626 2566 671 dimittere.

187 697 286 737 182.
327 694 484 737 etiam
521 693 676 750 fugat
714 692 959 737 audacem
995 694 1103 737 hoc.
1140 695 1238 738 215.
1276 694 1446 738 fastidia
1482 695 1596 738 ferre
1640 696 1884 754 superba.
1914 719 1968 728 —
2006 695 2062 739 H.
2092 695 2269 755 Epist.
2297 697 2343 750 2,
2375 697 2450 742 11.
2480 694 2569 751 qui

188 761 303 804 volt
330 758 636 804 excludere.
656 762 728 803 94.
746 759 945 805 Romanis
974 762 1133 805 vatibus
1153 763 1339 806 urbem.
1367 764 1439 805 07.
1470 760 1748 805 Credimus
1779 767 1823 805 et
1849 762 2029 806 totidem.
2059 764 2155 817 120.
2185 762 2250 804 Et
2277 762 2567 805 vehemens

186 825 440 885 liquidus.
471 829 569 874 187.
596 826 821 887 Expulit
847 843 874 871 a
901 829 1125 872 cerebro
1154 829 1347 872 morbum.
1376 830 1474 872 202.
1503 828 1684 872 ducimus
1715 829 1901 872 astris.
1932 855 1986 864 —
2014 829 2122 872 Ars
2150 835 2286 888 poet.
2318 831 2388 872 12.
2419 835 2569 872 coeant

187 895 453 938 convicia.
470 895 699 939 18.flumen
725 896 999 940 Rheniulc.
1028 897 1219 940 carminis
1249 902 1413 941 actor.
1441 899 1514 941 ol.
1543 898 1749 955 variari
1778 912 1892 940 cena.
1925 901 2020 943 141.
2048 904 2146 956 post
2173 898 2367 940 funera
2382 897 2562 940 Troiae.

187 963 290 1009 205.
323 962 469 1007 sedilia
497 968 664 1008 cantu.
702 965 801 1009 225.
844 964 1124 1009 commendare
1161 965 1436 1023 loquaces.
1465 967 1566 1011 276.
1595 964 1713 1009 duci
1748 980 1860 1009 nam
1889 979 2030 1009 cena.
2059 967 2160 1009 408.
2191 978 2356 1008 carmen
2382 964 2563 1008 lauda-

117 1085 122 1094 ·
188 1031 314 1073 bile.
375 1030 567 1074 Ceterum
595 1032 756 1074 collatio
785 1032 1089 1075 Burmanniana
1116 1038 1160 1075 et
1185 1034 1306 1089 hujus
1337 1038 1379 1074 et
1406 1033 1652 1089 reliquorum
1689 1033 1869 1075 codicum
1907 1032 2214 1089 haudquaquam
2242 1030 2345 1073 satis
2374 1038 2566 1074 accurate

188 1099 300 1142 facta
337 1104 427 1154 est,
469 1106 512 1142 ut
539 1101 583 1142 in
610 1100 676 1143 his
705 1099 823 1143 modo
837 1133 851 1154 ‚
890 1115 992 1156 quae
1030 1100 1167 1142 littera
1205 1100 1361 1157 scripta
1387 1098 1564 1154 indicat,
1595 1100 1635 1143 ei
1662 1099 1766 1143 fides
1794 1099 1980 1143 habenda
2009 1100 2088 1152 sit3
2120 1104 2288 1152 cetera,
2329 1097 2380 1140 de
2419 1099 2564 1155 quibus

187 1170 312 1222 tacet,
341 1181 396 1210 ex
422 1166 527 1211 libro
556 1160 667 1226 typis
696 1167 881 1225 vulgato,
911 1167 1027 1223 cujus
1057 1165 1420 1225 ope'collationem
1448 1166 1639 1222 instituit,
1670 1167 1862 1226 supplere
1890 1166 2051 1210 minime
2079 1170 2206 1209 tutum
2237 1164 2355 1208 duco.

301 1304 374 1357 12)
404 1302 589 1348 Dess-
626 1302 678 1345 Ι.
710 1289 899 1344 Codex
917 1304 958 1343 1.
988 1301 1361 1343 bibliothecae
1390 1301 2029 1344 DucalisDessaviensis
2057 1302 2394 1344 membranaceus
2414 1300 2571 1344 inFol.

189 1372 300 1428 sign.
332 1371 408 1413 Nr.
438 1370 492 1412 A.
519 1368 718 1412 Nostrum
748 1383 845 1411 esse
873 1367 994 1411 video
1023 1368 1144 1423 hujus
1175 1367 1347 1422 codicis,
1391 1382 1507 1424 quem
1531 1369 1619 1426 ‘ipsi
1647 1369 1866 1425 diligenter
1894 1368 2254 1427 pervolutavimus‚
2284 1369 2476 1412 eximiam
2505 1369 2567 1412 in-

188 1437 321 1481 dolem
350 1451 398 1479 ac
436 1441 678 1479 vetustatem
717 1435 893 1479 nondum
937 1434 1040 1477 satis
1068 1438 1205 1487 notam
1232 1434 1355 1492 paulo
1386 1435 1615 1479 accuratius
1644 1434 1925 1479 demonstrare
1955 1440 1999 1478 et
2024 1435 2157 1478 locum
2186 1436 2225 1479 ei
2254 1435 2428 1479 debitum
2458 1436 2570 1480 inter

188 1503 515 1564 praestantiores
544 1502 711 1547 Horatii
747 1501 912 1547 codices
951 1500 1175 1545 vindicare.
1234 1500 1341 1544 Nam
1384 1502 1451 1560 qui
1480 1500 1610 1546 adhuc
1639 1503 1730 1561 ejus
1761 1503 1905 1563 opibus
1935 1503 1979 1545 in
2008 1503 2174 1562 scriptis
2204 1502 2367 1561 Horatii
2395 1503 2569 1547 edendis

189 1573 257 1614 usi
296 1576 392 1613 sunt
418 1572 500 1613 viri
539 1571 793 1625 doctissimi,
829 1571 859 1613 J
868 1571 1020 1612 anius
1060 1570 1112 1611 ad
1144 1569 1377 1612 carminum
1404 1570 1560 1624 libros,
1592 1570 1854 1613 Obbarius
1885 1572 1937 1613 ad
1964 1571 2191 1629 Epistulas,
2221 1586 2304 1613 non
2332 1573 2429 1629 ipsi,
2460 1572 2570 1629 quod

192 1639 405 1683 dolendum
434 1644 523 1693 est,
553 1639 659 1682 hunc
686 1639 832 1683 librum
859 1639 904 1682 in
932 1638 1115 1682 manibus
1144 1638 1385 1693 habuerunt,
1416 1636 1492 1682 sed
1518 1637 1717 1682 lectiones
1747 1640 1797 1683 ab
1827 1639 1920 1683 aliis
1948 1638 2043 1682 inde
2072 1644 2288 1697 excerptas
2319 1638 2440 1683 modo
2469 1654 2569 1698 pro-

189 1707 381 1751 tulerunt.
441 1705 622 1759 Quorum
662 1708 779 1765 prior
814 1706 884 1750 ille
919 1707 963 1749 in
990 1705 1260 1750 Praefatione
1289 1704 1342 1748 ad
1372 1703 1511 1749 Carm.
1540 1703 1635 1751 Vol.
1663 1705 1700 1752 1.
1729 1721 1774 1765 p.
1803 1706 1879 1750 IX.
1907 1706 1963 1750 X.
1992 1705 2221 1764 Happachii
2249 1706 2570 1766 descriptionem

192 1775 375 1829 exhibet,
404 1774 582 1817 hominis
611 1775 655 1817 in
684 1778 903 1817 msctorum
932 1778 1114 1816 veterum
1140 1773 1317 1816 lectione
1345 1787 1487 1831 parum
1515 1773 1686 1828 versati,
1718 1774 1785 1830 qui
1811 1787 1939 1832 prava
1968 1773 2249 1815 aestimatione
2263 1774 2372 1816 hunc
2387 1773 2571 1818 codicem

188 1841 515 1901 ,antiquissimum
543 1842 588 1885 in
616 1841 820 1884 saeculum
846 1839 966 1887 XIV.
996 1841 1208 1890 transfert.
1267 1840 1378 1884 Post
1404 1854 1494 1884 eum
1523 1840 1726 1884 Obbarius
1756 1839 1809 1885 V.
1845 1839 1908 1884 cl.
1937 1841 2135 1884 lectiones
2164 1839 2447 1900 Epistularum
2474 1842 2570 1886 inde

191 1914 409 1969 excerptas
447 1910 497 1951 ab
527 1909 638 1967 Aug.
669 1909 868 1963 Fuchsio,
896 1908 1101 1951 Lindneri
1137 1908 1435 1951 bibliothecarii
1462 1909 1643 1951 Dessav.
1675 1909 1872 1951 beneficio
1903 1910 2074 1966 accepit,
2105 1909 2221 1951 cuius
2251 1909 2571 1969 descriptionem

189 1978 323 2036 patrio
363 1990 552 2019 sermone
590 1977 739 2019 factam
775 1990 830 2018 ex
856 1975 998 2019 Jahnii
1033 1976 1139 2019 libro
1177 1975 1369 2031 (Archiv.
1409 1980 1502 2019 cett.
1532 1977 1658 2019 1888.
1701 1974 1769 2030 11,
1798 1977 1847 2030 2)
1883 1977 1928 2020 in
1955 1976 2099 2019 Praef.
2129 1975 2183 2019 ad
2209 1975 2346 2033 Epist.
2377 1977 2413 2022 1.
2443 1993 2484 2036 p.
2516 1978 2568 2023 V.

189 2044 380 2105 repetiit,
410 2046 454 2088 in
494 2057 572 2102 qua
610 2048 652 2087 et
689 2042 828 2088 titulos
865 2043 910 2087 in
937 2044 1068 2103 prima
1104 2043 1257 2103 pagina
1293 2043 1516 2102 inscriptos
1557 2048 1600 2087 et
1625 2042 1792 2087 lacunas
1821 2043 1866 2087 in
1893 2048 2008 2087 textu
2036 2042 2156 2103 paulo
2188 2045 2419 2089 accuratius
2450 2060 2569 2103 quam

190 2113 298 2173 apud
325 2112 488 2157 Janium
516 2111 716 2156 indicatas
734 2111 930 2156 videmus.
988 2112 1081 2156 Hoc
1098 2110 1234 2167 modo,
1265 2110 1372 2169 quod
1389 2112 1448 2155 ibi
1463 2111 1633 2170 legitur,
1663 2110 1844 2154 codicem
1859 2111 2122 2155 Anhaltinum
2135 2111 2380 2155 Fabricii
2400 2118 2443 2155 et
2461 2114 2567 2157 hunc

188 2181 306 2227 Janii
331 2181 513 2225 Dessav.
544 2183 584 2224 1.
616 2194 735 2224 unum
773 2179 1020 2238 eundemque
1050 2194 1175 2236 esse,
1206 2178 1376 2223 concedi
1431 2192 1516 2224 non
1542 2184 1694 2239 potest.
1754 2178 1926 2223 Omnino
1957 2180 2064 2223 enim
2092 2179 2212 2222 alium
2240 2180 2385 2224 librum
2413 2182 2568 2238 fuisse,

190 2263 268 2309 quo
298 2248 514 2292 Fabricius
554 2248 648 2292 olim
688 2249 743 2290 sit
770 2261 870 2290 usus
883 2280 897 2303 ,
926 2248 1136 2306 utriusque
1166 2246 1321 2290 codicis
1350 2247 1550 2290 lectiones
1579 2248 1689 2290 inter
1718 2260 1765 2289 se
1795 2247 1965 2289 collatae
1994 2248 2116 2289 facile
2145 2248 2356 2291 declarant
2382 2253 2489 2307 (qua
2517 2251 2569 2293 de

189 2333 237 2360 re
266 2323 363 2375 post
388 2319 432 2358 in
462 2316 617 2359 Comm.
628 2316 685 2359 11.
715 2319 931 2373 agemus);
960 2330 1054 2370 nec,
1084 2317 1123 2358 si
1150 2330 1290 2358 verum
1320 2321 1400 2369 est,
1431 2315 1538 2371 quod
1564 2314 1664 2358 Jani
1689 2316 1732 2358 in
1750 2315 1892 2358 Praef.
1922 2330 1962 2372 p.
1990 2314 2066 2358 lx.
2096 2315 2291 2372 prodidit,
2320 2323 2364 2360 et
2391 2318 2499 2361 hunc
2529 2324 2571 2361 et

189 2385 359 2428 alterum
388 2382 569 2427 codicem
596 2383 777 2427 Dessav.
808 2386 901 2426 ante
922 2381 975 2427 C.
1001 2396 1131 2427 annos
1165 2395 1220 2426 ex
1246 2381 1366 2425 Italia
1393 2381 1642 2426 Dessaviam
1670 2395 1767 2426 esse
1794 2381 1993 2441 perlatos,
2023 2380 2241 2426 Fabricius
2271 2383 2366 2427 iam.
2398 2398 2436 2428 a.
2455 2386 2571 2429 1555

189 2453 295 2495 hunc
329 2451 475 2494 librum
502 2451 796 2494 Anhaltini
832 2450 993 2493 nomine
1022 2449 1245 2508 designare
1282 2457 1412 2507 e‘o'que
1440 2450 1500 2492 uti
1528 2454 1703 2508 poterat.
1763 2447 1953 2491 Ceterum
1980 2450 2059 2491 hoc
2089 2464 2247 2508 quoque
2278 2452 2568 2495 animadverti-

188 2533 293 2575 mus,
325 2518 577 2577 superiorem
606 2518 714 2561 illam
740 2519 896 2577 primae
923 2517 1101 2577 paginae
1130 2518 1461 2578 inscriptionemt
1502 2519 1640 2573 „liber
1675 2519 1826 2560 beata
1852 2517 2018 2561 Men-iae
2043 2520 2219 2574 virginis
2245 2523 2467 2576 sanatque
2500 2523 2569 2565 00·-

182 2589 328 2646 priam‘
353 2588 535 2643 episcopo·
560 2591 605 2628 et
632 2588 822 2629 martiris
852 2589 897 2629 in
923 2587 1199 2642 thebmge“
1213 2619 1226 2641 ‚
1257 2599 1425 2645 pravam
1462 2585 1618 2629 saeculi
1629 2584 1768 2631 xXVI.
1798 2598 1956 2627 manum
1991 2585 2169 2643 prodere
2199 2591 2243 2629 et
2269 2588 2341 2642 iis,
2372 2602 2477 2646 quae
2505 2591 2567 2631 in-

186 2656 317 2700 ferius
361 2654 553 2712 leguntur
594 2653 646 2707 (l.
678 2667 713 2696 c.
742 2666 807 2711 ap.
838 2652 1043 2708 Obbam),
1073 2658 1186 2696 certe
1215 2659 1374 2697 centum
1402 2655 1521 2697 annis
1550 2655 1821 2697 recentiorem
1850 2667 1962 2707 esse,
1993 2652 2100 2710 quod
2126 2655 2326 2713 probatur
2354 2657 2475 2699 etiam
2505 2658 2568 2699 in-

188 2725 345 2768 feriore
383 2721 670 2780 inscriptione:
709 2722 953 2777 Reparatue
989 2721 1053 2775 (h.
1093 2720 1192 2775 „vel
1229 2727 1358 2767 emtus
1396 2721 1463 2764 vel
1501 2722 1781 2777 renovatus“,
1820 2719 1850 2765 J
1859 2721 1973 2775 ani.)
2012 2737 2124 2765 amo
2161 2724 2323 2767 dominun·
2347 2726 2568 2768 minutum

191 2792 599 2850 quadreugmeoimo
625 2792 943 2845 septuagesimo.

304 2859 386 2903 Hic
423 2872 527 2917 ergo
568 2856 700 2900 codex
735 2856 987 2900 reverendae
1014 2856 1232 2899 vetustatis
1270 2857 1315 2899 in
1342 2856 1439 2899 Fol.
1477 2856 1697 2900 mediocris
1735 2857 1892 2900 formae
1921 2857 2050 2901 nitide
2079 2863 2122 2901 et
2149 2863 2338 2901 accurate
2368 2860 2567 2919 scriptus,

192 2927 438 2987 tegumentis
467 2940 598 2985 nuper
626 2925 740 2969 corio
769 2924 888 2968 badio
918 2923 1102 2967 obductis
1133 2923 1281 2967 decore
1309 2923 1497 2979 indutus,
1527 2923 1625 2968 olim
1651 2924 1756 2967 male
1783 2924 1944 2967 habitus
1975 2929 2056 2980 est,
2086 2931 2130 2969 ut
2152 2939 2238 2969 non
2266 2925 2398 2969 solum
2425 2928 2570 2986 priora

193 3000 236 3039 et
263 2995 401 3039 ultima
436 2993 537 3037 folia
566 2994 610 3037 in
638 2993 887 3051 marginibus
915 2992 1054 3035 lacera
1082 2992 1166 3034 sint
1192 2995 1235 3034 et
1262 2991 1509 3035 scholiorum
1544 2992 1800 3051 potissimum
1835 2992 2038 3051 scriptura
2075 2993 2118 3035 in
2153 2993 2298 3052 primis
2328 2999 2424 3037 octo
2453 2995 2568 3040 foliis

189 3070 233 3108 et
258 3065 305 3107 in
331 3052 411 3107 sex
437 3063 674 3106 novissimis
711 3061 832 3105 multo
870 3074 947 3103 usu
982 3060 1091 3103 tritis
1128 3059 1465 3119 negligenterque
1495 3061 1673 3105 servatis
1711 3061 1802 3104 fere
1838 3074 2010 3119 prorsus
2047 3061 2286 3117 evanuerit,
2317 3061 2396 3106 sed
2422 3063 2570 3107 multas

191 3145 349 3189 quoque
376 3131 543 3175 lacunas
572 3130 618 3174 in
647 3130 756 3174 omni
782 3133 898 3190 parte
926 3128 1049 3172 habet
1077 3142 1103 3171 a
1128 3127 1345 3172 Lindnero
1374 3126 1481 3188 apud
1509 3126 1661 3172 Obbar.
1689 3127 1810 3188 paulo
1840 3128 2067 3172 accuratius
2097 3143 2217 3187 quam
2246 3130 2297 3173 ab
2326 3128 2569 3191 Happachio

191 3199 297 3258 apud
324 3199 489 3244 «lanium
516 3198 730 3244 indicatas.
788 3197 911 3242 Folia
938 3197 1060 3241 etiam
1086 3211 1193 3241 nunc
1223 3200 1390 3241 exstant
1418 3198 1526 3252 108,
1565 3211 1731 3255 quorum
1760 3197 1935 3241 ultimum
1962 3196 2065 3241 vitio
2093 3197 2295 3257 ligatam,
2310 3199 2569 3259 penultimum

1498 3277 1500 3279 ’
2232 3278 2252 3299 *
