2737 3600
1330 174 1400 221 44

173 306 337 355 Veneta
387 310 498 352 1582
539 310 741 360 notatam,
789 319 870 348 una
907 321 996 350 cum
1036 320 1123 350 var.
1167 306 1260 351 lect.
1311 305 1390 351 Ed.
1433 303 1668 351 Vascosani
1702 302 1843 347 Paris.
1885 299 2048 357 (Carm.
2089 307 2130 345 et
2165 301 2300 362 Epod.
2342 306 2466 349 1545.
2503 308 2544 348 4.

172 376 306 435 Epist.
356 377 479 418 1549.
518 375 560 417 4.
602 372 791 416 Sermon.
835 380 876 414 et
924 374 979 415 A.
1021 379 1131 432 poet.
1177 375 1303 418 1551.
1350 375 1408 430 4.)
1450 378 1491 416 et
1537 371 1605 416 Jo.
1648 370 1814 415 Morelli
1860 369 2187 414 annotationibus
2234 369 2285 413 ad
2333 370 2410 413 Od.
2447 371 2545 416 Lib.

170 443 205 499 Ι.
244 443 299 484 11.
336 442 378 483 in
419 441 494 483 hac
534 439 597 482 ed.
639 438 818 485 Vascos.
856 440 1063 495 inventis,
1114 441 1217 485 satis
1257 441 1378 500 plane
1420 445 1461 483 et
1498 444 1686 483 accurate
1726 437 1777 481 ad
1814 438 2036 498 marginem
2075 436 2310 496 adscripsit.
2363 436 2544 481 Primum

169 511 296 565 igitur
342 522 426 551 non
470 508 613 565 ipsum³
646 506 709 549 Μ.
763 506 884 549 Gudii
930 508 1151 563 scriptum,
1207 508 1282 550 sed
1336 508 1444 550 aliud
1463 507 1585 549 ·inde
1635 507 1882 565 depromtum
1927 507 2144 559 habemus,
2202 504 2307 561 quod
2352 519 2445 546 num
2493 518 2547 546 ex

170 574 331 620 Veneta
367 573 608 632 Marquardi
658 572 709 615 ad
745 573 849 616 hanc
886 572 1211 631 Desprezianam
1259 573 1603 632 accommodatum
1644 588 1669 616 a
1704 574 1872 617 librario
1913 574 1981 628 sit,
2021 571 2202 629 equidem
2239 585 2327 614 cum
2366 570 2546 614 Obbario

171 641 222 683 ad
250 641 285 683 1.
317 641 399 700 Ep.
427 643 481 696 2,
511 644 553 683 4.
585 639 788 683 addubito.
846 639 1010 682 Deinde
1049 640 1091 681 in
1120 639 1231 681 notis
1262 639 1382 695 hujus
1413 639 1507 681 libri
1536 640 1677 682 msctis
1708 639 1951 699 usurpandis
1982 654 2134 684 summa
2162 639 2293 683 cautio
2324 636 2549 682 adhibenda

170 714 250 752 est.
324 709 430 750 Nam
470 708 643 765 triplicis
683 712 778 749 sunt
813 708 1005 764 generis:
1062 707 1208 764 partim
1246 705 1298 749 V.
1338 706 1490 747 habent
1529 706 1728 759 additum,
1774 713 1818 748 ut
1852 707 1931 749 Ed.
1969 706 2225 760 Vascosani3
2277 707 2421 765 partim
2460 705 2546 748 Ma.

171 774 370 829 additum,
416 779 460 817 ut
497 788 596 817 msc.
627 773 895 827 Menteliani3
933 773 1079 833 partim
1117 786 1244 832 purae
1284 777 1400 827 sunt,
1439 771 1548 814 nulla
1583 772 1722 815 littera
1751 772 1903 828 addita,
1932 774 2086 833 passim
2117 774 2236 817 etiam
2266 773 2385 833 siglis
2415 771 2455 818 a
2484 771 2549 816 vel

170 842 209 887 δ.
250 848 431 886 notatae.
499 842 594 885 Hoc
633 842 792 885 tertium
822 856 980 899 genus,
1020 841 1147 898 (quod
1184 839 1346 884 Janium
1385 845 1427 882 et
1463 839 1682 883 Obbarium
1720 840 1846 897 sugit)
1887 846 1930 883 ut
1967 847 2182 900 suspectae
2220 842 2341 898 fidei,
2379 842 2428 884 ab
2478 840 2547 883 illo

170 910 300 952 altero
341 910 545 952 asterisco
591 908 919 967 distinguendum
960 908 1173 963 duximus,
1205 908 1410 964 (Ment.*)
1441 922 1672 964 quamquam
1703 912 1744 949 et
1771 908 1847 950 has
1876 915 1996 950 notas
2025 915 2194 965 propter
2220 911 2419 952 lectiones
2450 922 2548 965 quas

169 977 374 1032 afferunt,
417 991 542 1036 saepe
581 991 713 1021 novas
755 992 802 1019 ac
843 976 1105 1035 singulares,
1146 990 1199 1018 ex
1240 974 1371 1032 aliquo
1399 974 1503 1017 libro
1534 979 1662 1017 mscto
1705 973 1878 1017 fluxisse
1922 979 2121 1033 putamus.
2165 999 2222 1008 —-
2263 1000 2320 1009 —
2362 976 2429 1020 De
2457 977 2548 1034 ipso

170 1050 302 1088 autem
342 1044 530 1088 codice
559 1044 915 1100 Menteliano,
946 1045 1012 1102 qui
1042 1044 1190 1098 suerit,
1220 1058 1312 1085 num
1342 1042 1463 1085 hodie
1494 1047 1631 1095 exstet
1660 1047 1777 1100 atque
1813 1041 1919 1085 idem
1968 1042 2046 1097 sit,
2077 1056 2191 1099 quem
2239 1044 2282 1087 in
2306 1044 2549 1088 bibliotheca

170 1113 311 1171 Regia
339 1113 577 1155 Parisiensi
607 1113 681 1154 sub
711 1127 775 1155 nr.
802 1115 915 1155 7972
946 1116 1148 1154 servatum
1180 1115 1221 1152 et
1252 1110 1562 1168 Vanderbourg.
1593 1111 1634 1152 in
1664 1109 1741 1152 Ed.
1761 1108 1992 1152 Carminum
2023 1108 2082 1153 T.
2098 1108 2132 1153 Ι.
2160 1112 2303 1169 pam
2327 1126 2386 1170 sq.
2415 1112 2551 1155 littera

172 1180 224 1222 E.
255 1180 512 1237 designatum
544 1180 618 1221 sub
650 1179 765 1221 titulo
813 1179 1017 1221 codicis
1050 1179 1171 1220 olim
1200 1178 1542 1219 Mentelliaui
1573 1178 1794 1234 descripsit
1822 1183 1864 1218 et
1890 1177 2171 1219 Pottierus
2199 1178 2243 1219 in
2274 1179 2360 1219 suis
2391 1180 2551 1220 tertium

171 1247 414 1301 numeravit,
446 1244 549 1288 unde
578 1244 778 1288 lectiones
809 1249 1026 1303 excerptas
1057 1249 1224 1301 uterque
1253 1258 1367 1287 more
1398 1258 1472 1287 suo
1502 1259 1643 1303 parum
1671 1243 1845 1287 fideliter
1875 1258 1923 1287 ac
1939 1243 2159 1300 diligenter
2173 1244 2371 1299 exhibuit,
2399 1245 2553 1288 lubrica

173 1313 381 1356 admodum
423 1317 465 1354 et
508 1312 688 1355 difficilis
734 1313 919 1370 quaestio
960 1317 1049 1367 est,
1091 1317 1132 1353 et
1171 1325 1272 1353 sane
1303 1310 1531 1366 dolendum,
1563 1310 1669 1369 quod
1697 1315 1863 1369 uterque
1893 1325 1981 1354 cum
2010 1310 2154 1353 librum
2183 1311 2288 1354 hunc
2318 1312 2551 1369 antiquissi-

169 1395 273 1423 mum
311 1380 496 1422 manibus
528 1384 750 1433 tractaret,
781 1380 1037 1421 collationem
1073 1380 1182 1421 illam
1213 1378 1438 1421 Gudianam
1467 1379 1711 1421 Menteliani
1741 1378 1895 1421 codicis
1926 1377 2034 1437 apud
2060 1378 2239 1433 Janium,
2264 1379 2349 1435 jam
2379 1378 2472 1421 olim
2502 1381 2551 1422 ab

170 1447 239 1491 Jo.
271 1447 368 1491 Alb.
397 1447 592 1491 Fabricio
621 1447 665 1490 in
692 1446 951 1490 Bibliotheca
978 1446 1135 1489 Latina
1164 1445 1223 1490 T.
1252 1445 1288 1491 Ι.
1318 1460 1358 1504 p.
1387 1448 1487 1490 409.
1518 1446 1583 1490 ed.
1613 1448 1715 1489 Ern-
1748 1450 2032 1501 memoratam,
2061 1446 2181 1505 plane
2210 1447 2433 1504 ignoravit,
2464 1462 2551 1490 cum

172 1520 369 1572 quatenus
399 1514 470 1556 illa
500 1529 588 1557 cum
617 1514 722 1556 libro
752 1514 988 1556 Parisiensi
1018 1519 1282 1569 congrueret,
1312 1514 1434 1555 facile
1466 1515 1514 1556 ab
1545 1514 1610 1556 his
1641 1513 1742 1555 viris
1783 1512 1913 1555 doctis
1945 1514 2034 1555 erui
2062 1514 2278 1571 potuisset.
2335 1513 2550 1571 Marquar·

172 1581 246 1624 dus
279 1580 437 1637 quidem
478 1579 635 1624 Gudius
675 1579 725 1624 de
764 1585 894 1625 mscto
926 1595 1000 1624 suo
1030 1581 1072 1625 in
1101 1580 1231 1640 prima
1260 1580 1412 1640 pagina
1450 1580 1551 1624 haec
1591 1580 1767 1641 notavit:
1814 1580 1989 1636 „Ipsum
2016 1582 2194 1623 Horatia·
2230 1588 2406 1624 mactum
2434 1586 2551 1636 eujus

329 1762 453 1795 Acron.
479 1762 514 1794 et
537 1758 650 1794 Mon.
671 1762 704 1794 ⁵.
730 1760 918 1795 Modestus.
940 1759 1103 1795 Helenus.
1132 1759 1256 1795 Melius
1278 1764 1397 1795 tamen
1422 1760 1574 1794 omnibus
1592 1760 1714 1795 Acron.
1748 1759 1885 1795 Eodem
1916 1764 2012 1796 certe
2038 1761 2117 1806 jure
2140 1761 2341 1798 Helenus
2372 1774 2400 1797 s.
2425 1763 2551 1797 Gele-

331 1817 433 1850 nius
457 1816 577 1858 aliquis
601 1815 803 1850 scholiastes
828 1817 952 1850 exoriri
977 1817 1137 1860 potuerit.
1193 1816 1313 1856 Quare
1337 1816 1378 1850 C.
1404 1817 1639 1851 Aemilium
1662 1816 1756 1850 illum
1785 1817 1857 1861 Jam
1882 1827 1925 1851 ex
1950 1817 2210 1852 scholiastarum
2236 1828 2376 1854 numero
2400 1818 2553 1854 excludi-

331 1882 418 1906 mus.
442 1889 485 1896 —
510 1870 716 1906 Tertiam
741 1872 885 1907 Vitam
904 1882 1122 1907 numeramus
1140 1881 1229 1914 eam,
1253 1873 1351 1916 cnjus
1365 1871 1492 1907 initium
1508 1877 1580 1907 est=
1607 1872 1646 1915 Q.
1663 1871 1832 1907 Horatius
1848 1871 2003 1916 flaccus,
2019 1885 2188 1919 praecone
2202 1880 2308 1920 putre
2319 1879 2437 1918 nanas,
2452 1875 2552 1910 liber-

331 1929 429 1963 tinae
445 1928 670 1962 conditionis.-
703 1934 902 1973 excerptam
926 1940 970 1963 ex
993 1930 1100 1974 prima
1137 1929 1206 1971 illa,
1232 1939 1321 1971 quae
1342 1929 1512 1963 Suetonio
1535 1929 1706 1963 tribuitur.
1752 1929 1853 1963 Hanc
1878 1930 1986 1963 vitam>
2003 1931 2145 1974 primum
2171 1931 2266 1964 Alex.
2290 1931 2495 1965 minutianus
2519 1932 2553 1966 in

330 1984 395 2018 Ed.
420 1983 561 2020 Mediol.
588 1985 677 2019 1486
699 1994 743 2019 ex
766 1984 888 2020 codice
912 1990 1023 2019 mscto
1046 1986 1215 2029 vulgavit3
1240 1990 1319 2030 post
1342 1995 1419 2020 eum
1444 1984 1749 2021 Poelmannus
1771 1986 1803 2019 in
1828 1984 1894 2020 Ed.
1919 1987 2080 2031 Antverp.
2106 1990 2204 2021 1557.
2229 1986 2379 2027 exhibuit
2403 1987 2468 2021 sub
2483 1989 2556 2022 tit.=

336 2040 418 2075 Vita
445 2041 594 2084 ejusdem
621 2053 662 2074 es·
678 2042 821 2086 antiquo
844 2042 957 2075 codice
976 2041 1146 2076 Theodori
1161 2041 1363 2075 Poelmanm‘
1389 2043 1708 2086 Cranenburgensae's
1728 2042 1925 2086 descripta.-
1947 2052 2023 2076 cum
2048 2043 2105 2076 illa
2130 2043 2310 2077 Minutiani
2333 2043 2365 2078 in
2382 2044 2555 2087 plerisque

331 2101 591 2139 congruentem.
638 2096 726 2130 Dein
749 2097 841 2130 Jac.
867 2097 954 2130 Cru
965 2097 1093 2138 quius
1116 2107 1191 2131 eam
1215 2107 1259 2130 ex
1283 2096 1385 2130 codd.
1409 2096 1597 2130 Blandiniis
1633 2096 1751 2137 edidit.
1773 2096 1835 2130 sed
1861 2096 1971 2130 minus
1995 2098 2130 2142 plenam
2155 2103 2191 2132 et
2214 2098 2442 2141 emendatam,
2465 2099 2556 2134 unde

330 2151 365 2185 in
389 2152 602 2185 recentiores
632 2152 739 2186 libros
761 2153 863 2193 Janii,
888 2152 1066 2186 Mitscher.
1091 2153 1136 2187 al.
1166 2152 1271 2186 venit.
1312 2151 1516 2195 Nuperrime
1545 2152 1636 2186 Fea
1666 2162 1711 2185 ex
1740 2161 1823 2187 mss.
1847 2152 1906 2185 Vr.
1932 2153 1977 2186 H.
2002 2158 2038 2186 et
2060 2153 2170 2187 Vatic.
2193 2163 2286 2187 saec.
2310 2154 2387 2190 XV.
2411 2155 2464 2197 (in
2487 2164 2557 2196 quo

331 2207 564 2251 praemittitur
587 2206 732 2241 Acronis
755 2207 1021 2250 commentario)
1055 2207 1090 2240 in
1121 2206 1229 2250 praes.
1262 2217 1296 2249 p.
1321 2205 1483 2242 XXXVI.
1508 2204 1660 2240 exhibuit
1692 2207 1900 2249 aliquantum
1924 2211 2071 2241 auctam.
2104 2206 2178 2242 Nos
2202 2207 2347 2243 eandem
2369 2209 2405 2243 in
2427 2209 2556 2245 codicis

329 2262 504 2297 Monac.
532 2264 565 2297 1.
591 2262 700 2305 prima
725 2262 866 2306 pagina,
890 2262 924 2296 in
947 2264 1124 2297 Acrone
1147 2267 1287 2295 mscto
1312 2261 1499 2306 Guelph.
1525 2266 1605 2306 post
1635 2263 1780 2296 alteram
1804 2263 1893 2296 illam
1917 2263 2031 2297 Vitam
2055 2273 2119 2298 nec
2141 2274 2209 2299 non
2233 2264 2266 2298 iu
2290 2264 2411 2300 codice
2433 2265 2553 2308 Lips.

331 2321 364 2352 4.
389 2323 546 2352 extremo
570 2318 739 2362 scriptam
770 2318 973 2362 reperimus,
997 2318 1031 2352 in
1053 2321 1201 2360 utroque
1224 2326 1302 2351 cum
1324 2316 1382 2351 illa
1404 2316 1595 2360 minuriunt,
1619 2321 1758 2361 praeter
1780 2317 1934 2353 lectionis
1956 2320 2140 2354 varietates
2162 2319 2350 2363 nonnullas,
2374 2319 2554 2366 plurimum

334 2375 603 2409 convenientem.
659 2373 750 2408 Nam
777 2378 813 2407 et
836 2374 952 2407 ultima
987 2372 1086 2417 hujus
1116 2374 1205 2407 vitae
1237 2383 1316 2416 pars
1338 2373 1412 2406 t'ere
1435 2373 1568 2416 ignota,
1591 2373 1671 2416 quia
1693 2373 1784 2417 apud
1809 2374 1994 2417 Cruquium
2018 2375 2130 2418 deest,
2152 2376 2187 2409 in
2211 2376 2277 2410 Ed.
2301 2377 2442 2411 Medici.
2469 2380 2557 2412 1486

334 2434 370 2466 et
393 2429 445 2465 his
470 2430 597 2465 nostris
618 2429 796 2466 codicibus
821 2434 904 2475 post
926 2430 1051 2465 verba:
1076 2431 1118 2465 in
1142 2429 1286 2465 satira
1309 2429 1543 2464 Lucilium:
1566 2428 1617 2465 sic
1640 2429 1785 2473 legium
1809 2429 1849 2465 In
1864 2430 2034 2477 principio
2050 2431 2212 2466 cuminis
2230 2432 2284 2466 sui
2297 2444 2335 2467 se
2349 2432 2555 2479 Epio-mem

324 2489 479 2530 fatetur,
503 2497 577 2520 cum
600 2487 737 2519 beatum
766 2486 852 2520 dicit
882 2497 950 2532 pro
971 2487 1149 2532 voluptate
1178 2487 1436 2530 (voluntate
1459 2484 1554 2520 Mon.
1581 2485 1627 2528 l.)
1658 2486 1845 2529 viventem,
1875 2491 1915 2521 ut
1944 2487 2050 2533 Virga
2078 2487 2201 2523 Trahit
2224 2499 2288 2524 suu
2311 2499 2472 2535 quemque
2493 2500 2554 2524 oo—

331 2545 458 2594 luptqs.
506 2542 609 2587 Ergo
630 2544 727 2577 illm
750 2544 889 2578 beatum
910 2543 1023 2586 ponit,
1048 2543 1107 2587 qui
1129 2553 1169 2577 es·
1192 2543 1300 2577 animi
1321 2542 1376 2576 sus‘
1396 2542 1571 2577 sententia
1588 2542 1682 2585 sacit
1719 2553 1808 2587 quae
1837 2544 1929 2578 vult:
1966 2544 2021 2578 itu
2050 2548 2166 2579 tarsen
2189 2550 2229 2580 ue
2251 2545 2315 2580 hoe
2335 2546 2448 2592 ipsum
2469 2547 2555 2580 velle

331 2600 369 2635 ἐκ
397 2604 501 2646 parte
533 2599 724 2635 honestatis
753 2604 917 2635 versetur.
974 2599 1058 2645 Ipsa
1081 2599 1169 2634 enim
1191 2599 1351 2645 voluptas
1375 2603 1409 2633 et
1431 2610 1594 2633 summum
1617 2600 1739 2634 bonum
1760 2601 1850 2634 est.“
1873 2619 1918 2626 —
1951 2596 2169 2642 Quartam
2199 2603 2389 2637 Horatii
2420 2604 2556 2638 vitam

332 2657 514 2690 maximam
546 2661 679 2699 partem
711 2665 754 2689 ex
781 2656 866 2698 ipsis
899 2656 974 2698 ejus
1006 2655 1143 2698 scriptis
1173 2655 1329 2695 ductam,
1363 2664 1506 2696 quorum
1540 2664 1658 2688 versus
1689 2654 1778 2690 haud
1809 2657 1909 2700 pauci
1939 2657 2110 2700 citantur,
2145 2658 2219 2691 Fea
2249 2658 2375 2704 primus
2405 2658 2556 2692 exhibuit

332 2709 366 2745 in
391 2709 506 2746 Praei.
531 2724 610 2756 pag.
634 2710 832 2746 xxxvlu.
857 2712 892 2747 in
918 2712 1094 2747 codicibus
1120 2710 1293 2745 Vaticanis
1317 2709 1484 2746 Ottobon.
1509 2711 1645 2745 duobus
1676 2722 1769 2748 saec.
1792 2713 1868 2749 XV.
1894 2717 1930 2747 et
1952 2715 1985 2747 in
2011 2714 2174 2748 chisiano
2206 2720 2288 2749 ante
2312 2715 2557 2758 Porphyrionis

331 2768 612 2801 commentarium
636 2772 820 2812 repertam.
861 2767 1020 2803 Eandem
1044 2775 1108 2802 nos
1139 2766 1179 2802 in
1209 2766 1366 2802 codice
1398 2770 1541 2801 mscto
1563 2765 1751 2814 Guelph.
1786 2777 1879 2804 saec.
1902 2767 1996 2804 xlv.
2021 2767 2355 2816 Porphyrionis
2378 2780 2555 2805 commen-

337 2824 426 2858 tario
450 2825 683 2867 praepositam
705 2825 916 2865 invenimus,
947 2825 1041 2858 unde
1064 2825 1177 2857 varias
1200 2825 1364 2858 lectiones
1387 2824 1432 2857 ad
1455 2825 1552 2857 Feae
1575 2830 1706 2858 textum
1729 2824 1782 2857 hic
1806 2826 2026 2859 exbibemnsz
2050 2827 2151 2869 Apud
2173 2827 2283 2859 Feam
2306 2837 2338 2869 p.
2362 2826 2556 2860 mvlll.

330 2888 439 2914 versu
462 2881 504 2913 5:
527 2888 625 2913 cum
656 2883 848 2924 parente
870 2880 1040 2926 migravit.
1058 2878 1148 2925 Gph.
1168 2889 1198 2914 v.
1224 2881 1278 2916 12.
1301 2879 1492 2915 militiae
1515 2878 1748 2916 tribunatu
1771 2878 1969 2916 honoratus.
1986 2879 2076 2927 Gph.
2093 2892 2125 2918 v.
2143 2884 2197 2917 16.
2216 2880 2454 2917 Caesariin
2470 2883 2558 2917 ami-

328 2937 444 2968 citiam
468 2935 616 2969 traditus
641 2937 732 2975 (est
762 2936 833 2977 4)
857 2937 948 2979 Gph.
974 2948 1007 2970 v.
1029 2939 1086 2968 20.
1111 2937 1259 2968 carmine
1282 2940 1569 2979 prosecutus.
1594 2936 1684 2979 Gph.
1709 2946 1790 2981 pag.
1814 2937 1978 2969 XXXIX.
2002 2948 2034 2971 v.
2048 2941 2080 2972 1.
2103 2938 2182 2970 Neu
2202 2938 2296 2970 sinas
2313 2937 2438 2971 Medos
2461 2940 2557 2983 agi-

330 2996 427 3028 tare
469 2990 606 3028 inultos.
639 2990 730 3037 Gph.
764 3003 796 3029 v.
826 2996 860 3029 5.
884 2997 982 3038 post:
1020 2992 1144 3028 Artis
1173 2992 1379 3037 poeticae
1407 3002 1545 3028 unum.
1576 2992 1731 3029 additur:
1762 2993 1948 3037 Epodon
1978 3004 2116 3029 unum.
2140 2993 2233 3037 Gph.
2256 3004 2287 3028 v.
2309 2996 2342 3028 8.
2367 2999 2558 3030 secutus

350 3048 442 3088 (est
470 3049 537 3092 ψ)
562 3047 653 3092 Gph.
677 3058 709 3081 v.
732 3050 765 3080 8.
789 3049 900 3081 Lucili
934 3050 1079 3083 ritum.
1113 3046 1204 3091 Gph.
1226 3065 1270 3072 —
1303 3047 1515 3090 Quintam
1549 3048 1729 3084 Horatii
1752 3049 1886 3083 vitam
1911 3049 2013 3094 paulo
2035 3049 2223 3095 pleniorem
2246 3052 2283 3083 et
2306 3050 2446 3095 cognitu
2469 3051 2556 3087 satis

330 3104 468 3147 dignam
492 3116 556 3140 nos
575 3106 608 3138 in
632 3106 755 3139 codice
779 3106 895 3141 Berol.
919 3110 952 3140 2.
977 3115 1089 3150 nuper
1112 3105 1295 3148 reperimus
1321 3111 1357 3140 et
1379 3107 1414 3139 in
1431 3104 1792 3144 Quaestionibus
1815 3106 2085 3140 Horatianis
2109 3110 2189 3150 post
2206 3105 2356 3150 praefat:
2376 3107 2431 3141 edi
2454 3118 2557 3142 cura-

333 3160 449 3194 vimus.
484 3178 526 3186 -
559 3161 741 3195 Sextam
766 3162 864 3198 Hor.
895 3162 1029 3196 vitam
1059 3169 1274 3195 numeramus
1308 3160 1500 3195 breviorem
1524 3160 1614 3195 illam
1639 3171 1684 3196 ex
1706 3161 1827 3196 codice
1849 3161 1934 3206 Gtg.
1959 3164 1993 3198 2.
2018 3161 2121 3206 paulo
2137 3164 2227 3197 sate
2246 3160 2279 3195 in
2304 3159 2395 3197 Nota
2417 3165 2449 3198 3.
2475 3174 2557 3209 pag.

330 3219 387 3251 28.
404 3227 426 3250 a
441 3218 541 3252 nobis
557 3219 742 3262 vulgatam.
769 3236 812 3244 —
840 3218 867 3252 S
879 3219 1085 3262 eptimam
1108 3217 1254 3260 denique
1278 3216 1420 3252 dicimus
1434 3216 1522 3253 hanc
1540 3227 1584 3253 ex
1609 3218 1685 3254 cod.
1703 3218 1797 3262 Lips.
1815 3219 1848 3253 4.
1872 3218 1977 3253 modo
2001 3226 2213 3261 expressam.
