2737 3600
1325 148 1389 195 17

167 281 307 341 plex,
336 294 621 341 conpesco,
652 292 910 339 conpono,
940 287 1197 336 conpare,
1227 291 1444 337 conpos,
1473 278 1742 335 conmoda,
1772 284 2057 335 conmotus,
2087 279 2399 334 inmiscere,
2428 293 2543 323 son-

167 362 289 405 nus,
318 349 603 403 colunnae,
645 352 938 400 autunnus,
977 345 1134 387 annis
1163 348 1279 404 (pro
1310 346 1521 402 amnis),
1562 347 1789 390 alannus
1820 352 1862 389 et
1889 347 2164 406 alumpnus
2193 350 2292 405 (pro
2322 347 2543 399 alumnus).

168 415 285 460 Haec
323 416 481 475 quidem
520 413 882 466 constantissime,
921 416 966 455 ut
1000 412 1046 455 in
1072 411 1182 457 nullo
1211 412 1302 457 fere
1330 413 1486 470 codice,
1517 413 1592 458 sed
1620 414 1801 473 syllabae
1831 428 1930 458 con
1960 419 2003 457 et
2028 415 2082 458 in
2112 419 2209 458 ante
2237 414 2254 457 l
2283 418 2327 457 et
2353 428 2379 457 r
2406 413 2545 458 coale-

170 487 312 528 scunt:
342 483 548 536 illatus,
579 479 834 533 collatus,
863 478 1114 538 illapsus,
1144 479 2278 538 illaqueatus,illidere,illinere,collocat,
2299 482 2543 539 corrigo,

168 552 428 609 irriguus,
458 552 554 591 cett.
582 546 825 589 Accusativi
850 546 1054 590 nominum
1074 546 1324 592 Graecorum
1351 549 1396 592 in
1421 564 1461 592 m
1488 549 1719 609 plerumque
1748 549 2040 592 terminantur:
2068 548 2271 604 Lidem,
2303 548 2542 592 Tanaim.

166 642 224 653 —
251 617 369 662 Haec
409 613 729 674 orthographiae
768 613 874 657 ratio
914 614 1075 659 omnino
1112 619 1277 675 praeter
1312 616 1466 660 saeculi
1501 616 1610 661 illius
1648 630 1766 660 usum
1803 615 1924 659 etiam
1952 616 2330 676 pronunciationem
2356 615 2543 661 Italicam

168 683 567 730 vocumLatinarum
594 681 747 742 prodit,
777 686 821 725 ut
849 681 916 725 vel
932 696 987 725 ex
1013 682 1104 726 his:
1133 684 1303 740 michi,
1331 684 1519 740 nichil,
1549 684 1768 739 orchus,
1799 697 2015 738 sonnus,
2046 684 2325 740 colunnae,
2355 693 2541 728 auton-

168 769 281 808 nus,
309 750 524 806 lonbos,
554 750 729 806 archa,
760 750 1056 807 archanum,
1086 751 1264 796 codicem
1292 753 1336 796 in
1362 751 1482 797 Italia
1509 766 1609 796 esse
1639 752 1849 811 scriptum,
1892 759 2007 795 recte
2036 751 2178 810 colligi
2204 752 2354 812 possit.
2399 752 2541 796 Pluri-

168 834 232 864 ma
270 818 498 878 scripturae
534 818 659 872 vitia,
696 819 913 878 praecipue
950 819 994 861 in
1031 820 1259 863 nominibus
1288 821 1484 880 propriis,
1514 825 1557 862 et
1583 821 1628 862 in
1655 820 1735 863 hoc
1765 824 1807 862 et
1833 820 1878 861 in
1906 819 1999 862 aliis
2024 819 2237 879 codicibus
2265 820 2363 863 inde
2393 829 2543 864 exorta

169 900 267 930 esse
305 885 519 940 videntur,
557 886 662 942 quod
688 886 846 929 librarii
873 885 1026 930 indocti
1054 892 1096 930 et
1122 888 1300 946 imperiti
1326 887 1558 946 plerumque
1588 887 1717 929 verba
1742 901 1826 929 non
1854 902 1908 930 ex
1937 887 2090 945 scripto
2122 888 2353 946 exemplari
2381 888 2541 932 descri-

166 957 352 1014 pserunt,
383 953 457 996 sed
486 953 579 997 viva
607 968 707 997 voce
737 952 887 997 dictata
915 953 1067 997 calamo
1089 958 1353 1013 exceperunt.
1378 979 1431 987 -—
1463 951 1657 997 Ceterum
1684 952 1851 996 lectio
1881 953 2001 1010 hujus
2032 953 2189 996 codicis
2219 954 2427 998 librarium
2440 969 2542 999 cau-

169 1027 252 1065 tum
280 1025 324 1064 et
350 1020 585 1079 diligentem
612 1019 760 1081 prodit.
815 1020 913 1065 Non
943 1022 1048 1064 enim
1077 1021 1199 1064 multa
1233 1021 1334 1064 vitia
1361 1035 1438 1063 nec
1476 1020 1674 1078 graviora
1709 1020 1869 1074 insunt,
1913 1025 2080 1078 praeter
2118 1021 2356 1078 frequentes
2396 1037 2540 1066 vocum

168 1089 510 1146 transpositiones
524 1121 537 1143 ,
578 1089 719 1145 quibus
748 1093 917 1131 metrum
938 1102 1063 1145 saepe
1094 1088 1304 1136 evertitur.
1363 1086 1656 1130 Memorabiles
1686 1092 1818 1129 tamen
1833 1087 2032 1130 lectiones
2060 1086 2172 1129 haud
2199 1101 2355 1146 paucae
2383 1090 2540 1143 insunt,

169 1169 193 1199 e
223 1155 363 1213 quibus
392 1155 468 1199 has
504 1160 711 1200 notamus:
750 1154 784 1198 Ι.
815 1153 891 1199 od.
919 1157 975 1209 4,
1011 1155 1055 1197 8.
1085 1160 1155 1197 aut
1181 1159 1321 1197 arator
1362 1153 1503 1212 igne.
1530 1155 1576 1208 ⁷,
1603 1154 1674 1196 82.
1705 1151 1812 1196 Cras
1842 1154 1992 1212 ingens
2022 1154 2345 1202 intrabimus
2376 1168 2544 1212 aequor.

171 1225 242 1279 18,
271 1225 314 1267 2.
343 1236 506 1266 roseam
535 1229 587 1267 et
613 1236 787 1266 corea.
816 1225 888 1276 17,
918 1225 987 1267 10.
1019 1221 1202 1264 disces
1232 1221 1482 1265 laborantes.
1510 1222 1582 1274 18,
1612 1221 1682 1263 15.
1708 1218 2015 1264 Extollens.
2044 1223 2118 1276 22,
2149 1224 2219 1264 10.
2240 1221 2543 1266 mundietne-

168 1291 299 1337 bulae.
318 1293 390 1346 26,
417 1292 461 1335 5.
519 1289 627 1343 Quid
647 1288 987 1332 mitridatem.
1016 1290 1086 1331 10.
1115 1287 1331 1347 prosint
1357 1285 1781 1341 honores.11.0d.8,
1812 1290 1879 1329 11.
1902 1302 1980 1344 quo
2009 1289 2368 1345 etobliquo.4,
2397 1292 2545 1335 lme-

169 1358 251 1403 dio
282 1358 562 1417 triumpho.
591 1360 647 1412 0,
690 1359 759 1400 10.
794 1355 1006 1398 fertilis
1032 1354 1214 1398 Baccho.
1238 1356 1311 1409 12,
1339 1357 1409 1398 18.
1438 1359 1599 1398 certare
1626 1353 1764 1400 loco.
1791 1356 1862 1399 21.
1892 1354 2068 1401 Nontu
2087 1370 2190 1413 quae
2208 1357 2349 1403 tenuit.
2369 1358 2440 1411 15,
2473 1361 2543 1402 10.

169 1425 418 1471 excludet
445 1430 646 1470 aestus.
675 1426 749 1479 20,
780 1426 820 1466 1.
848 1436 951 1466 non
978 1422 1104 1467 tenui.
1131 1423 1173 1465 8.
1202 1421 1246 1466 in
1275 1426 1422 1465 terra
1449 1420 1762 1476 morabor.111‚
1791 1423 1835 1477 2,
1864 1423 2242 1481 22.temptatiter
2264 1425 2438 1482 vitm,
2469 1429 2541 1470 10.

169 1493 421 1553 negligit.
449 1491 535 1548 IV,
563 1493 617 1547 5,
643 1493 725 1541 81.
764 1489 817 1534 ad
844 1490 940 1534 vina
968 1489 1129 1534 venit.
1154 1491 1209 1546 0,
1244 1490 1317 1535 81.
1348 1488 1495 1534 silebo.
1528 1491 1599 1545 18,
1626 1491 1668 1535 8.
1697 1489 1877 1549 pulchris
1907 1490 2135 1535 incubat.
2191 1490 2351 1552 Epod.
2381 1495 2435 1550 2,
2465 1496 2543 1539 44.

170 1562 245 1605 sub
284 1560 510 1602 adventu
549 1559 641 1601 viri.
680 1560 735 1613 5,
774 1560 816 1600 8.
846 1561 934 1599 aut
962 1556 1056 1613 quid
1085 1557 1364 1600 omniomi&
1393 1562 1512 1615 rapta
1537 1558 1588 1599 ab
1618 1571 1706 1599 ore.
1761 1559 1814 1610 7,
1855 1559 1922 1598 16.
1954 1562 2188 1614 mentesque
2224 1574 2545 1616 percussae.

169 1631 241 1682 18,
273 1631 340 1672 10.
367 1627 508 1670 levare
538 1625 701 1668 duris.
747 1626 824 1680 14,
865 1626 935 1671 14.
966 1622 1426 1683 oppressamllion.
1452 1622 1488 1667 1.
1520 1623 1609 1669 Sat.
1635 1626 1689 1678 2,
1731 1625 1826 1668 122.
1866 1638 1954 1667 cum
1977 1625 2100 1681 jussa
2127 1626 2317 1670 venire
2347 1634 2446 1673 est.
2484 1628 2544 1673 11.

170 1694 260 1740 Sat.
287 1696 332 1750 2,
361 1694 459 1737 128.
479 1692 596 1752 culpa
623 1696 767 1750 potare
796 1692 881 1748 (vel
910 1705 1076 1751 cuppa
1105 1692 1329 1749 supenscr.)
1357 1690 1444 1735 Ars
1463 1694 1573 1749 poet.
1603 1693 1782 1734 1⁰0.aut
1808 1691 2081 1748 propellit.
2109 1694 2301 1737 mnec
2316 1697 2543 1740 nimium.

284 1831 660 1891 Supplementa
696 1831 852 1889 huJus
895 1830 1122 1886 codicis,
1162 1845 1264 1889 quae
1291 1829 1502 1890 Epistolas
1539 1835 1707 1887 praeter
1732 1831 1878 1873 Artem
1914 1839 2023 1888 poet.
2067 1844 2210 1873 omnes
2241 1837 2284 1874 et
2312 1831 2545 1877 Satirarum

169 1901 266 1945 libri
298 1900 356 1943 11.
394 1901 584 1957 exiguam
621 1903 775 1955 partem
815 1898 1154 1955 complectuntur,
1191 1900 1235 1950 in
1277 1898 1465 1955 catalogo
1494 1898 1761 1940 bibliothecae
1787 1897 1940 1941 Dresd.
1973 1912 2000 1940 a
2025 1897 2359 1955 Falkensteinio,
2389 1900 2445 1947 V.
2476 1901 2544 1947 Cl.

172 1967 281 2023 edito
318 1966 371 2011 ad
399 1965 522 2012 Saec.
548 1964 666 2011 XIV.
696 1965 943 2008 referuntur.
1005 1963 1135 2022 Cujus
1164 1965 1244 2008 viri
1273 1964 1538 2008 eruditissimi
1565 1978 1643 2008 nec
1670 1978 1755 2007 non
1773 1965 1880 2022 ejus,
1910 1964 2091 2022 quiante
2115 1965 2249 2022 ipsum
2268 1967 2543 2013 bibliothecae

169 2033 332 2092 Regiae
360 2033 553 2090 praefuit,
580 2031 725 2075 Eberti
753 2032 984 2074 auctoritati
1012 2032 1092 2074 etsi
1119 2031 1344 2088 plurimum,
1373 2036 1418 2074 ut
1428 2045 1503 2087 par
1532 2035 1612 2085 est,
1641 2031 1791 2084 tribuo,
1820 2045 1923 2088 pace
1941 2037 2075 2074 tamen
2091 2045 2233 2079 eorum
2250 2033 2543 2080 dubitationem

168 2100 360 2161 proferre
386 2099 510 2143 liceat
537 2097 587 2141 de
616 2098 687 2141 tali
713 2102 916 2151 vetustate
945 2096 1051 2157 apud
1077 2111 1155 2142 nos
1186 2101 1370 2141 exortam
1397 2111 1487 2140 cum
1514 2101 1683 2155 propter
1711 2101 1836 2139 totam
1865 2098 2092 2156 scripturae
2121 2098 2298 2142 indolem
2327 2101 2380 2144 ad
2394 2117 2543 2146 recen-

170 2168 290 2213 tioris
320 2167 466 2210 aetatis
494 2165 824 2209 consuetudinem
853 2164 1111 2208 accedentem
1125 2197 1140 2220 ,
1169 2179 1271 2222 quae
1300 2179 1459 2208 manum
1484 2163 1670 2207 Italicam
1698 2163 1861 2206 facilem
1889 2169 1932 2206 et
1960 2166 2223 2209 exercitatam
2250 2168 2402 2226 prodit,
2430 2170 2563 2213 litte:

171 2237 232 2281 ris
260 2235 468 2293 inclipatis
505 2248 580 2292 per
616 2233 789 2277 lineolas
828 2232 968 2277 ductas
1010 2232 1120 2276 inter
1157 2246 1205 2276 se
1244 2232 1556 2277 cohaerentibus
1569 2265 1583 2288 ,
1622 2236 1705 2275 tum
1740 2232 1960 2292 praecipue
1997 2238 2166 2292 propter
2205 2234 2384 2280 litteram
2412 2237 2429 2280 i
2456 2252 2543 2283 non

172 2308 341 2348 accentu
370 2300 501 2360 (quod
528 2316 555 2344 a
582 2296 745 2344 saeculo
773 2299 872 2344 ΧΠ.
893 2305 1075 2344 extremo
1104 2299 1149 2343 in
1176 2315 1292 2344 usum
1319 2299 1454 2357 venit)
1483 2298 1559 2343 sed
1584 2303 1733 2358 puncto
1763 2300 1908 2356 ubique
1935 2305 2129 2356 notatam,
2159 2302 2227 2359 qui
2255 2316 2345 2346 mos
2376 2306 2544 2350 saeculo

171 2369 268 2416 XV.
292 2369 448 2414 demum
470 2383 644 2429 prorsus
671 2367 855 2424 invaluit,
885 2373 929 2411 ut
957 2372 1130 2411 aetatem
1159 2367 1323 2411 saeculo
1337 2365 1443 2412 XIV
1463 2366 1586 2426 paulo
1601 2367 1841 2411 inferIorem
1855 2367 1920 2410 his
1936 2367 2228 2426 supplementis
2244 2370 2469 2417 tribuedm.
2487 2397 2545 2408 -

176 2436 330 2484 Verum
345 2442 480 2481 tamen
498 2429 705 2479 librarium
732 2449 817 2479 non
846 2435 1068 2495 exemplari
1083 2435 1193 2494 typis
1223 2448 1443 2494 expresso,
1474 2433 1551 2478 sed
1565 2433 1707 2478 codice
1720 2448 1819 2477 msc.
1851 2439 2013 2478 vetusto
2024 2435 2158 2493 aliquo
2175 2451 2274 2482 esse
2292 2453 2425 2495 mum,
2456 2444 2544 2485 sin-

174 2506 340 2565 gulares
354 2504 552 2549 lectiones
568 2502 675 2547 haud
701 2517 798 2547 raro
813 2503 1017 2547 immixtae
1036 2502 1229 2562 produnt,
1259 2507 1303 2547 ut
1327 2501 1363 2547 1.
1377 2501 1457 2562 Ep.
1487 2504 1559 2559 10,
1589 2503 1660 2547 18.
1677 2500 1967 2562 ponendaeque
1978 2501 2143 2548 domus.
2162 2506 2232 2562 15,
2260 2509 2333 2551 41.
2348 2508 2409 2551 nil
2422 2508 2547 2552 vulva

175 2573 388 2630 dulcius
414 2570 557 2630 ampla.
573 2572 645 2626 18,
673 2572 745 2615 40.
774 2570 923 2614 volet
949 2571 1084 2631 ipse.
1099 2572 1174 2628 20,
1203 2572 1274 2616 18.
1292 2570 1632 2615 albasenectus.
1646 2569 1793 2630 ILEp.
1807 2571 1851 2624 2,
1877 2571 2161 2616 munditate
2177 2587 2435 2624 sonoros
2448 2579 2545 2621 114.

174 2644 322 2686 intra
347 2639 585 2699 penetralia.
614 2641 713 2682 120.
741 2638 964 2681 simillimus
993 2653 1136 2685 auro.
1192 2638 1278 2682 Sed
1302 2639 1414 2682 vitiis
1444 2639 1567 2682 etiam
1594 2639 1814 2681 innumeris
1843 2638 1946 2682 haec
1961 2640 2242 2698 supplementa
2269 2642 2473 2698 laborant,
2502 2651 2547 2689 et

173 2708 384 2752 librarium
410 2705 585 2765 produnt
618 2704 821 2748 indoctum
850 2710 892 2748 et
911 2700 1220 2763 indiligentem.
1260 2729 1316 2739 —
1343 2706 1496 2749 Lectio
1533 2707 1693 2764 impura
1719 2706 1956 2761 frequenter
1983 2712 2027 2749 et
2054 2715 2265 2767 corrupta,
2295 2715 2339 2753 ut
2364 2710 2422 2754 ΙΙ.
2452 2711 2544 2756 Sat.

174 2779 220 2833 0,
254 2777 321 2820 14.
336 2774 488 2836 pingue
516 2778 791 2834 peccatum
820 2771 993 2817 domino.
1022 2796 1080 2806 —
1107 2770 1319 2818 Vocabula
1346 2772 1493 2818 crebro
1523 2772 1680 2817 omissa
1707 2770 1773 2816 vel
1801 2770 1938 2818 addita
1949 2773 2017 2818 vel
2031 2776 2298 2835 transposita.
2328 2775 2546 2837 Scriptura

173 2859 259 2890 non
291 2845 399 2888 inter
433 2834 566 2887 lineas
595 2847 857 2886 transversas
895 2842 1030 2897 facta,
1059 2855 1184 2899 quare
1213 2855 1361 2884 versus
1390 2841 1435 2884 in
1463 2840 1640 2899 singulis
1656 2840 1817 2900 paginis
1845 2856 1930 2884 non
1957 2843 2050 2901 pari
2071 2858 2257 2900 numero,
2282 2846 2546 2892 84-88ἰιι

173 2913 398 2974 Epistolis,
426 2913 626 2957 40-44
652 2911 697 2954 ίιι
725 2909 813 2954 Sat.
840 2909 911 2954 lib.
938 2908 996 2954 ΙΙ.
1054 2908 1140 2954 Sed
1177 2914 1312 2953 tamen
1346 2921 1495 2952 versus
1534 2908 1642 2952 binis
1680 2908 1800 2952 lineis
1839 2908 2243 2967 perpendicularibus
2283 2912 2384 2958 stilo
2410 2913 2546 2959 ductis

173 2980 444 3028 includuntur.
523 2979 736 3040 Scriptura
781 2978 903 3022 habet
940 2977 1048 3038 sigla
1089 2976 1197 3021 haud
1241 2991 1372 3038 pauca
1409 2976 1529 3020 etiam
1566 2977 1719 3037 prioris
1769 2976 1915 3019 aetatis
1929 3010 1942 3032 ,
1991 2977 2174 3023 fortasse
2214 2993 2270 3023 ex
2317 2981 2546 3028 imi-tion„

172 3050 327 3095 codicis
355 3048 461 3093 unde
490 3049 678 3099 manavit,
710 3036 957 3094 uthelmp
989 3051 1093 3102 est,
1123 3046 1172 3100 ’21-
1197 3061 1317 3101 rum,
1347 3047 1389 3100 [ς
1420 3045 1529 3101 sed,
1556 3046 1618 3103 ᾖ*
1646 3046 1790 3099 enim,
1822 3043 1946 3100 d'cet,
1975 3046 2019 3089 in
2038 3049 2278 3106 compositis
2296 3065 2474 3110 quoque,
2505 3060 2548 3097 ut

172 3117 320 3178 pard'c,
365 3123 442 3162 etc.
483 3116 788 3176 orthographia
821 3115 1070 3174 inaequalis:
1120 3113 1319 3173 Ulyxes
1367 3120 1410 3158 et
1457 3113 1691 3173 Ulysses
1714 3148 1726 3168 ‚
1763 3112 2030 3173 Juppiter‚
2083 3113 2330 3176 Jupiter,
2377 3121 2547 3177 milia,

173 3187 311 3242 bais,
341 3186 522 3246 phama
548 3186 781 3245 phanum.
811 3207 865 3217 -
