2737 3600
1354 165 1387 211 2

177 303 380 358 eruditos,
411 300 533 345 animi
560 299 799 357 integritate
829 311 878 340 ac
906 295 1124 352 modestia,
1154 296 1245 340 sine
1276 296 1428 341 stolida
1456 296 1699 354 arrogantia
1725 296 1793 339 vel
1820 296 2101 356 praejudicata
2116 301 2307 359 opinione
2328 299 2443 356 fiunt,
2473 313 2561 343 cum

178 385 284 431 opus
324 370 381 412 sit
425 368 468 410 in
506 367 630 408 rebus
670 364 803 406 dubiis
846 363 898 406 ad
935 377 1076 406 verum
1113 364 1181 406 vel
1219 363 1438 420 eruendum
1480 363 1547 406 vel
1584 363 1718 420 magis
1758 364 2098 423 confirmandum,
2144 367 2324 426 equidem
2360 367 2415 409 iis
2454 379 2556 409 vere

177 451 340 495 semper
376 434 548 492 gavisus
589 446 677 475 sum
716 446 794 474 nec
835 432 1042 488 quicquam
1087 431 1399 488 obloquentibus
1442 431 1682 483 succensui,
1722 444 1811 471 cum
1840 434 2086 488 praesertim
2114 435 2158 477 in
2187 433 2380 493 opusculo
2409 437 2555 477 nostro

175 508 345 562 propter
373 505 575 559 angustos
607 498 808 556 ejusmodi
838 498 1104 560 scriptionum
1135 498 1343 542 cancellos
1373 499 1571 556 pauciora
1599 495 1720 549 modo
1750 496 1911 554 plenius
1941 498 2182 545 illustranda
2206 511 2248 545 et
2262 499 2557 559 comprobanda

177 569 441 624 amissam,
471 567 591 626 plura
628 567 772 626 primis
811 565 930 609 modo
959 565 1082 608 lineis
1122 563 1453 621 adumbrassem,
1492 563 1600 607 haud
1627 577 1758 622 pauca
1784 563 1828 605 in
1858 563 1994 608 tabula
2023 566 2315 627 chronologica
2341 566 2555 627 proposita

175 636 394 679 indefensa
433 634 565 677 adhuc
609 634 883 692 reliquissem.
941 632 1074 675 Plena
1111 632 1240 690 igitur
1276 636 1318 674 et
1355 646 1410 674 ex
1450 633 1559 674 omni
1596 635 1714 690 parte
1757 630 1910 673 munita
1948 631 2297 679 demonstratione
2326 636 2403 677 erit
2431 648 2553 693 opus,

175 709 220 748 ut
249 704 476 748 sententias
508 717 533 745 a
560 702 683 746 nobis
712 703 949 761 propositas
981 700 1262 744 confirmemus
1295 713 1343 743 ac
1375 699 1642 746 stabiliamus.
1677 697 1833 751 ,Quam
1863 712 2031 757 operam
2059 701 2235 746 Horatio
2266 709 2410 746 nostro
2440 701 2553 745 debi-

176 778 257 816 tam
286 776 503 831 praestare
531 784 615 813 nou
644 771 776 834 minus
807 783 923 826 quam
953 769 1121 812 alteram
1149 767 1377 812 Satirarum
1406 772 1561 827 partem
1590 767 1781 810 versibus
1807 765 2064 811 Germanicis
2094 769 2290 814 redditam
2321 775 2363 814 et
2375 774 2553 831 paratam

176 840 298 882 edere
329 838 473 881 dudum
502 839 548 880 in
577 838 710 879 animo
742 837 833 879 fuit.
893 836 979 880 Sed
1009 841 1051 879 et
1078 841 1302 894 temporum
1332 835 1587 878 conditiones
1623 835 1787 877 interim
1818 834 2078 889 obstiterunt,
2109 851 2210 892 quae
2240 839 2320 881 alia
2346 853 2425 882 nos
2455 851 2552 881 con-

174 905 267 949 silia
294 905 498 949 litteraria
525 904 699 962 exsequi
722 903 920 961 jubebant
950 901 1063 961 (nam
1091 903 1135 947 in
1162 902 1291 946 libro:
1325 903 1662 959 „Akademisclae
1689 902 2030 958 Propaedeutik“
2060 901 2236 962 Lipsiae
2268 907 2394 951 1842.
2425 905 2552 949 omnis

174 972 416 1016 eruditionis
449 972 591 1016 orbem
620 986 668 1014 ac
698 972 807 1014 viam
835 971 1062 1014 litterarum
1092 971 1291 1014 studiosis
1323 971 1571 1030 aperuimus,
1617 973 1659 1013 et
1686 970 1730 1013 in
1759 969 1890 1023 sacris
1923 968 2091 1028 scholae
2119 970 2342 1016 Portensis
2373 972 2553 1016 saecula-

171 1041 286 1083 ribus
317 1045 400 1083 tam
427 1040 615 1082 Musas
645 1040 952 1084 Portenses
983 1053 1099 1095 quam
1115 1038 1599 1081 recentioremPortae
1629 1037 1919 1080 historiam
1934 1035 2153 1093 edidimus)
2169 1043 2210 1081 et
2227 1040 2359 1098 ipsius
2374 1040 2552 1084 muneris

171 1108 324 1167 publici
339 1108 525 1166 gravitas
550 1106 809 1165 impediebat,
841 1120 943 1163 quae
957 1119 1108 1164 paucas
1124 1105 1244 1148 modo
1260 1105 1381 1148 nobis
1410 1105 1538 1149 horas
1570 1105 1809 1147 subsecivas
1841 1103 2009 1147 adhaec
2025 1104 2160 1147 studia
2170 1107 2391 1152 recolenda
2405 1120 2551 1151 conce-

173 1176 245 1219 dit.
275 1176 366 1219 Nec
395 1190 493 1218 vero
523 1189 662 1217 morae
692 1178 773 1216 tam
800 1174 953 1231 longae
968 1173 1237 1231 interpositae
1253 1173 1454 1231 poenitet,
1485 1172 1575 1215 dum
1592 1173 1731 1215 orbem
1746 1186 1877 1231 paene
1899 1186 2014 1219 suum
2035 1171 2114 1215 hae
2129 1174 2334 1218 variorum
2350 1174 2550 1234 discepta-

172 1243 309 1287 tiones
350 1242 587 1296 conficient,
627 1241 770 1297 quibus
802 1241 883 1282 etsi
911 1254 995 1283 non
1023 1254 1186 1298 semper
1215 1240 1477 1295 assentimur,
1507 1254 1607 1283 vere
1637 1244 1770 1282 tamen
1802 1238 2063 1282 oblectamur.
2123 1238 2303 1284 Tantum
2332 1247 2464 1286 autem
2480 1242 2549 1285 ab·

173 1314 261 1364 est,
301 1313 345 1351 ut
382 1309 448 1350 his
489 1322 589 1364 quas
621 1307 751 1351 adhuc
787 1307 980 1364 legimus,
1009 1308 1190 1349 virorum
1221 1306 1435 1350 doctorum
1464 1306 1513 1349 de
1544 1306 1793 1364 temporibus
1823 1305 2147 1349 Horatianorum
2176 1320 2342 1365 operum
2371 1307 2548 1368 disputa·

170 1377 350 1420 tionibus
389 1376 575 1419 rationes
619 1379 789 1418 nostras
821 1375 947 1416 certis
979 1379 1021 1416 et
1048 1375 1165 1417 firmo
1196 1375 1305 1416 inter
1335 1385 1382 1417 se
1410 1388 1520 1417 nexu
1545 1374 1699 1430 junctis
1733 1373 2091 1416 observationibus
2121 1374 2318 1417 subnixas
2346 1376 2414 1419 vel
2439 1376 2550 1419 labe·

173 1444 350 1487 factatas
403 1443 472 1485 vel
535 1455 706 1485 eversas
754 1446 966 1500 putemus,
1010 1446 1055 1483 ut
1110 1455 1317 1500 perpauca
1354 1454 1402 1483 ac
1448 1440 1607 1483 leviora
1659 1441 1697 1482 si
1749 1440 1980 1498 exceperim
2026 1454 2133 1482 nunc
2184 1441 2304 1484 aliter
2355 1456 2380 1485 a
2426 1443 2546 1486 nobis

173 1511 413 1564 constituta,
445 1524 638 1552 summam
667 1524 806 1551 earum
834 1509 879 1551 in
907 1508 997 1551 dies
1026 1509 1160 1567 magis
1191 1508 1467 1551 confirmatam
1494 1507 1667 1556 videam.
1687 1506 1759 1569 xId
1788 1506 1895 1564 quod
1925 1521 2000 1550 suo
2015 1507 2110 1551 loco
2142 1513 2184 1550 et
2212 1513 2393 1567 tempore
2418 1510 2546 1569 pleni-

172 1592 247 1621 ore
288 1578 645 1636 argumentatione
671 1577 859 1636 qprobare
899 1577 1148 1620 conabimur.
1214 1575 1368 1620 Paucis
1408 1576 1514 1620 enim
1547 1577 1633 1634 jam
1676 1575 1748 1634 agi
1774 1589 1858 1619 non
1885 1575 2064 1635 poterit,
2093 1590 2210 1634 quum
2237 1576 2548 1635 ipsamateries

168 1646 365 1703 majorem
393 1646 437 1687 in
466 1645 612 1687 molem
643 1645 889 1699 accreverit,
919 1659 1034 1702 quam
1064 1658 1165 1702 quae
1195 1644 1384 1701 angustis
1413 1643 1646 1701 hujusmodi
1674 1644 1910 1702 scriptionis
1937 1643 2123 1687 terminis
2152 1643 2306 1687 includi
2331 1645 2481 1703 possit.

283 1712 427 1769 Itaque
456 1713 523 1755 his
551 1711 724 1755 Novis
759 1710 1205 1765 Quaestionibus,
1234 1712 1311 1754 hac
1341 1711 1548 1755 scribendi
1577 1712 1798 1756 occasione
1826 1712 1948 1755 nobis
1982 1711 2134 1765 oblata,
2165 1711 2247 1754 alia
2274 1711 2469 1768 quaedam
2497 1726 2549 1756 ex

171 1780 305 1840 copiis
336 1780 496 1824 nostris
525 1777 579 1823 ad
614 1779 830 1822 historiam
860 1779 1041 1822 criticam
1068 1779 1392 1826 Horatianorum
1430 1793 1596 1839 operum
1624 1779 1871 1838 pertinentia
1899 1771 2136 1834 afferemus,
2166 1779 2335 1837 cognitu
2363 1793 2450 1825 non
2474 1780 2548 1826 ini-

168 1862 248 1892 nus
288 1847 415 1906 digna
453 1853 495 1890 et
531 1846 581 1890 ad
617 1848 822 1905 integram
860 1852 1007 1906 poetae
1049 1847 1267 1889 lectionem
1302 1847 1597 1890 restituendam
1625 1848 1864 1903 fructuosa,
1894 1847 2171 1905 opinationum
2199 1847 2390 1891 licentiae
2417 1848 2549 1893 minus

169 1916 357 1959 fortasse
389 1915 581 1958 obnoxia.
652 1913 754 1958 Cum
784 1915 890 1957 enim
918 1914 1052 1958 multis
1084 1914 1229 1957 abhinc
1259 1915 1394 1971 annis,
1424 1915 1623 1975 repositis
1654 1914 1705 1957 ad
1734 1919 1891 1974 tempus
1922 1914 2057 1967 curis,
2088 1929 2188 1973 quas
2219 1914 2311 1958 aliis
2340 1914 2548 1961 nonnullis

169 1988 251 2026 tam
282 1983 455 2026 Graecis
486 1997 601 2040 quam
630 1982 798 2025 Latinis
830 1984 1101 2041 scriptoribus
1131 1983 1437 2037 dicaveramus,
1478 1982 1531 2025 ad
1558 1982 1749 2037 Horatii,
1789 1983 2045 2025 dilectissimi
2072 1983 2198 2027 nobis
2227 1987 2391 2042 poetae,
2422 1997 2549 2042 opera

167 2048 441 2104 recensenda,
473 2054 516 2092 et
543 2054 732 2106 quantum
759 2049 853 2092 fieri
879 2053 1042 2107 posset,
1074 2048 1325 2093 emendatius
1355 2049 1513 2093 edenda
1527 2050 1701 2093 animum
1716 2049 2052 2108 applicassemus,
2081 2049 2124 2093 id
2150 2050 2295 2109 perfici
2320 2063 2406 2094 non
2419 2039 2549 2109 posse

168 2118 264 2172 rati,
293 2118 378 2161 nisi
405 2118 546 2161 fontes
576 2117 709 2175 ipsius
738 2116 957 2171 lectionis,
989 2115 1155 2160 codices
1184 2122 1366 2176 mscptos
1383 2116 1474 2161 dico
1492 2121 1534 2160 et
1547 2116 1678 2160 libros
1696 2118 1806 2175 typis
1822 2118 2410 2175 expressostamvetustiores
2431 2132 2547 2176 quam

169 2185 453 2241 recentiores,
493 2184 561 2243 qui
602 2182 760 2243 quidem
800 2183 971 2242 alicujus
1011 2185 1204 2229 momenti
1233 2188 1401 2241 essent,
1432 2184 1661 2229 accuratius
1690 2184 1988 2243 cognovissem
2016 2190 2060 2230 et
2085 2185 2427 2246 parvolanam,
2455 2185 2549 2230 huic

172 2266 325 2312 operae
353 2268 430 2313 per
457 2252 599 2313 plures
631 2251 824 2312 deinceps
855 2265 1004 2308 annos,
1035 2253 1419 2312 quantulumcunque
1450 2253 1525 2296 otii
1552 2252 1673 2297 nobis
1704 2254 1893 2298 tributum
1920 2253 2015 2310 fuit,
2043 2253 2323 2314 impendimus.
2383 2253 2476 2308 Quo
2504 2255 2550 2299 in

170 2321 349 2364 consilio
394 2320 645 2380 perficiendo
694 2321 837 2363 mirum
884 2324 1072 2378 quantum
1109 2336 1189 2366 nos
1232 2321 1387 2379 adjuvit
1431 2321 1611 2381 insignis
1647 2322 1872 2366 liberalitas
1912 2336 1960 2365 ac
1996 2323 2178 2381 benigna
2213 2322 2402 2366 voluntas
2441 2336 2549 2367 sum-

166 2402 324 2432 morum
361 2390 571 2444 virorum,
610 2394 652 2432 et
690 2390 780 2446 ejus
821 2389 887 2446 qui
925 2390 1049 2433 rebus
1091 2391 1221 2433 sacris
1262 2391 1472 2448 omnisque
1512 2390 1723 2434 doctrinae
1762 2391 1886 2435 cultui
1913 2391 1958 2435 in
1976 2391 2157 2450 *imperio
2188 2395 2335 2434 nostro
2365 2394 2548 2450 praeest,

165 2457 497 2502 Eichhornii
526 2456 579 2503 V.
616 2456 682 2504 Ill.
720 2462 763 2501 et
797 2456 935 2516 Regis
971 2457 1100 2516 legati
1138 2457 1243 2518 apud
1269 2458 1513 2515 Helvetios,
1555 2458 1779 2504 Comitis
1819 2458 1878 2502 de
1905 2458 2119 2502 Lottum
2147 2457 2202 2504 V.
2229 2457 2294 2502 111.
2332 2463 2375 2502 et
2401 2458 2547 2503 biblio-

169 2525 300 2567 thecis
330 2526 635 2583 praefectorum
662 2525 1058 2569 Falkenstenii
1085 2525 1138 2572 V.
1170 2525 1234 2571 (31.
1272 2526 1557 2582 Dresdensis‚
1598 2526 1870 2579 Demuthii
1908 2540 1957 2569 ac
1993 2525 2287 2574 Naumanni
2314 2523 2369 2572 V
2397 2524 2451 2572 V·
2483 2524 2549 2571 cl.

166 2590 469 2650 Lipsiensium,
499 2591 696 2637 Ukerti
722 2591 777 2639 V.
805 2591 873 2639 cl.
902 2592 1099 2649 Gothani,
1128 2593 1400 2639 Beneckii
1430 2594 1542 2655 olim,
1576 2592 1976 2638 Schneidewini
2003 2591 2058 2639 V.
2078 2591 2143 2638 Cl.
2162 2593 2420 2652 professoris
2440 2608 2547 2637 nunc

169 2656 486 2716 Gottingensis,
540 2658 818 2703 Gerlachii
847 2659 901 2706 V.
949 2660 1014 2704 cl.
1064 2662 1323 2721 professoris
1362 2661 1647 2718 Basileensis‚
1683 2660 1904 2705 Miilleri
1941 2659 1996 2707 V·
2045 2659 2110 2706 Cl.
2147 2658 2410 2721 professoris
2440 2658 2545 2705 Ber-

166 2727 312 2770 nensis
345 2731 387 2768 et
416 2728 674 2784 complurium
713 2734 934 2786 praeterea
978 2728 1185 2773 doctorum
1212 2731 1410 2785 virorum,
1440 2731 1509 2787 qui
1537 2743 1704 2788 operam
1733 2743 1847 2773 suam
1874 2730 2055 2786 benigne
2083 2729 2208 2773 nobis
2237 2728 2545 2786 praestiterunt.

168 2792 326 2847 Quibus
367 2793 554 2836 omnibus
595 2793 769 2838 debitam
807 2797 983 2854 gratiam
1011 2800 1054 2839 et
1080 2797 1209 2841 habeo
1249 2803 1292 2841 et
1316 2798 1385 2842 hic
1421 2797 1581 2856 publice
1620 2798 1775 2841 refero.
1831 2796 1988 2841 Eorum
2017 2797 2124 2840 enim
2162 2808 2241 2853 ope
2279 2808 2327 2837 ac
2364 2794 2545 2838 benevo-

166 2861 293 2903 lentia
317 2860 369 2903 ad
386 2860 682 2919 quinquaginta
696 2861 863 2906 codices
879 2866 1059 2922 mscptos
1075 2865 1184 2907 nacti
1200 2879 1354 2921 sumus,
1384 2865 1429 2909 in
1442 2865 1576 2923 iisque
1590 2863 1812 2910 nonnullos
1829 2864 2004 2909 omnium
2025 2861 2349 2917 vetustissimos,
2379 2873 2546 2919 quorum

167 2928 292 2986 longe
320 2928 519 2988 plurimos
549 2929 634 2988 ipsi
663 2930 971 2974 accuratissime
1000 2945 1052 2974 ex
1083 2933 1189 2976 omni
1216 2938 1333 2994 parte
1364 2933 1621 2990 contulimus,
1650 2931 1935 2977 nonnullorum
1956 2931 2156 2976 lectiones
2187 2931 2405 2989 excerptas
2436 2929 2545 2975 vito-

167 3011 257 3039 rum
298 2996 506 3041 doctorum
546 2996 786 3055 diligentiae
817 2998 1023 3042 debemus.
1080 3000 1137 3043 Et
1164 3004 1257 3058 quia
1283 3004 1499 3061 permagni
1526 3004 1674 3056 refert,
1704 3002 2060 3059 grammaticorum
2100 3013 2260 3057 quoque
2289 3002 2332 3041 et
2369 2997 2544 3045 scholia-

170 3067 326 3109 starum
354 3067 536 3110 veterum
562 3064 766 3111 lectiones
785 3079 932 3122 nosse,
961 3069 1006 3110 ut
1024 3066 1090 3125 qui
1107 3068 1264 3113 nostris
1282 3069 1405 3115 multo
1425 3069 1678 3129 antiquiores
1693 3067 1858 3115 codices
1869 3066 2174 3129 usurpaverint,
2202 3078 2288 3114 non
2298 3063 2544 3112 scholiastes

171 3133 302 3176 solum
330 3137 496 3179 veteres
527 3134 603 3178 sed
632 3135 923 3194 grammaticos
940 3148 1096 3193 quoque
1108 3140 1150 3178 et
1166 3150 1269 3194 quos
1288 3138 1458 3197 amplum
1472 3135 2088 3194 Putschii,nuncLindemanni
2103 3147 2255 3195 corpus
2274 3133 2473 3191 continet,
2501 3140 2546 3179 et

169 3200 352 3258 reliquos
373 3200 553 3246 Nonium
578 3202 839 3258 Marcellum,
867 3203 1144 3259 Priscianum,
1173 3204 1392 3261 Isidorum,
1419 3206 1571 3249 Julium
1599 3206 1875 3261 Rufinianum,
1905 3205 1977 3260 aL,
2006 3210 2089 3247 tum
2102 3205 2351 3262 interpretes
2379 3207 2544 3246 veteres
2630 3226 2635 3231 -
