2737 3600
1317 175 1381 225 12

156 322 254 352 esse
294 307 477 352 debebat.
545 307 797 366 Scriptorum
837 306 941 350 Hor.
982 310 1188 367 antiquior
1227 309 1328 353 ordo
1382 314 1595 353 servatus:
1645 308 1939 354 Carminum
1975 310 2104 354 libri
2139 308 2214 354 lV.
2250 310 2355 354 Ars
2393 317 2532 370 poet.

154 376 372 437 Epodon
407 377 492 419 lib.
524 374 688 419 Carm.
730 389 867 418 saec.
895 374 1265 435 Epistularum
1303 378 1435 421 libri
1473 377 1530 421 ΙΙ.
1561 377 1864 423 Sermonum
1892 378 2022 423 libri
2049 377 2105 422 11.
2133 401 2191 410 —
2218 376 2300 420 Hic
2329 376 2461 422 codex
2488 379 2533 423 iu

154 447 384 487 membrana
422 444 635 486 maximam
674 448 830 501 partem
870 444 974 486 satis
1015 445 1107 486 alba
1148 460 1197 488 ac
1235 447 1347 488 tenui
1386 451 1428 488 et
1462 447 1661 503 utrimque
1697 446 1927 504 laevigata,
1964 447 2119 506 passim
2148 445 2355 488 crassiore
2385 450 2427 488 et
2446 461 2531 492 :usu

154 512 275 554 multo
314 510 525 567 inquinata
564 510 769 570 scriptus,
807 509 919 553 foliis
959 510 1145 553 omnibus
1186 511 1278 554 fere
1298 512 1560 569 aequalibus,
1592 513 1833 572 scripturam
1861 514 2006 572 ubique
2036 513 2256 573 aequalem,
2284 517 2532 568 accuratam,

151 577 317 621 nitidam
346 582 388 619 et
410 577 530 620 valde
560 577 810 621 emendatam
837 591 937 636 prae
968 591 1015 620 se
1044 578 1142 631 fert,
1174 591 1276 634 quae
1306 577 1465 622 doctam
1494 586 1662 623 manum
1681 581 1803 623 facile
1830 581 1990 640 prodat.
2048 582 2164 626 Tota
2192 580 2344 625 codicis
2367 579 2529 624 indoles

154 643 405 703 splendidior
434 649 532 698 est,
561 644 763 689 latissimo
794 659 848 688 ex
877 645 984 688 omni
1011 648 1128 703 parte
1156 644 1359 701 margine,
1389 646 1580 688 versibus
1609 647 1746 690 laxius
1777 648 1943 707 scriptis
1972 650 2015 692 in
2045 649 2222 707 singulis
2251 648 2414 708 paginis
2444 661 2530 691 om·

152 712 270 755 nibus
299 712 458 755 vicenis
488 713 647 768 ternis,
686 719 732 756 ιιι
758 718 801 755 et
828 713 984 771 glossis
1014 713 1123 755 inter
1150 711 1283 755 lineas
1313 716 1356 754 et
1384 711 1558 755 scholiis
1577 751 1580 754 ⁴
1597 712 1650 755 ad
1685 716 1911 773 marginem
1949 730 2025 760 sua
2065 718 2198 776 spatia
2235 721 2387 760 essent.
2444 713 2529 759 Co·

150 780 309 822 lamnae
353 794 546 823 versuum
590 781 738 838 ubique
766 781 1017 839 ¹simplices,
1062 785 1104 823 et
1131 780 1175 822 in
1202 779 1400 836 Lyricis‚
1444 779 1487 822 in
1525 780 1670 836 quibus
1713 781 1832 825 modo
1861 783 2051 827 Adonius
2096 783 2300 843 Sapphico
2342 784 2530 843 proximo

152 846 400 906 adjungitur.
458 836 622 893 Versus
653 848 764 892 inter
790 847 922 892 lineas
954 846 1047 891 stilo
1092 847 1318 906 impressas
1350 846 1508 905 scripti,
1539 860 1641 904 quae
1670 846 1778 890 binis
1810 849 2005 907 utrimque
2034 850 2154 895 lineis
2183 850 2528 911 perpendiculari-

150 916 252 969 bus,
281 915 391 957 intra
420 929 522 972 quas
552 916 715 959 litterae
743 930 935 959 versuum
962 916 1142 958 initiales
1170 917 1302 974 pictae
1316 948 1329 970 ,
1357 915 1621 957 terminantur
1652 920 1695 957 et
1723 915 1929 972 stigmatis
1957 918 2002 958 in
2030 924 2213 962 extremo
2242 920 2427 977 margine
2455 933 2529 962 no-

150 987 299 1024 tantur.
361 982 513 1026 Ultima
552 997 709 1040 quoque
747 984 946 1041 marginis
988 997 1062 1025 ora
1097 983 1209 1026 linea
1247 997 1301 1025 ex
1338 982 1445 1025 omni
1482 987 1599 1040 parte
1637 981 1758 1025 ducta
1795 982 2038 1037 includitur,
2078 992 2175 1042 puto
2191 1019 2204 1041 ,
2245 1000 2323 1043 quo
2352 987 2530 1045 paginae

151 1049 344 1108 aequales
376 1051 644 1094 exsisterent.
703 1050 982 1094 Atramentum
1011 1050 1169 1094 fuscum
1198 1054 1367 1110 propter
1395 1054 1636 1093 vetustatem
1652 1049 1885 1109 plerumque
1912 1049 2117 1109 pallidius.
2145 1051 2336 1098 Litterae
2348 1053 2530 1098 initiales

149 1132 342 1161 versuum
373 1120 716 1178 simplicissimae,
748 1119 984 1177 eclogarum
1013 1119 1191 1161 initiales
1220 1119 1400 1175 majores
1429 1118 1584 1177 passim
1617 1118 1781 1176 nigrae,
1810 1118 1946 1161 rarius
1975 1118 2101 1162 minio
2118 1120 2269 1178 pictae,
2297 1121 2530 1181 plerumque

152 1186 347 1233 omissae,
380 1211 435 1218 —
467 1186 676 1228 Titulis
708 1186 879 1243 eclogae
910 1186 1073 1229 omnino
1104 1193 1261 1240 carent,
1293 1184 1398 1242 quod
1424 1186 1557 1243 ipsum
1586 1190 1652 1228 est
1683 1186 1845 1244 signum
1873 1186 2028 1245 probae
2058 1191 2100 1229 et
2129 1187 2316 1231 sincerae
2345 1194 2528 1233 vetusta·

150 1253 220 1295 tis.
251 1278 306 1285 —
338 1253 555 1295 Scholia
583 1267 659 1311 per
687 1257 815 1295 totum
843 1252 988 1295 librum
1017 1254 1060 1295 in
1089 1253 1275 1311 margine
1306 1256 1347 1295 et
1376 1253 1585 1295 exteriore
1615 1257 1657 1295 et
1684 1253 1882 1296 interiore
1897 1254 2112 1311 permulta,
2140 1247 2353 1297 maximam
2371 1261 2527 1313 partem

151 1335 205 1363 ex
236 1321 416 1364 Acronis
447 1325 490 1363 et
517 1321 822 1380 Porphyrionis
854 1322 1154 1365 commentariis
1185 1325 1395 1380 excerpta,
1426 1321 1484 1364 ita
1512 1325 1671 1376 tamen,
1700 1326 1744 1365 ut
1771 1320 1965 1365 nonnulla
1992 1321 2113 1366 etiam
2140 1322 2309 1381 propria
2337 1322 2530 1379 afferant,

152 1402 253 1445 quae
283 1402 360 1431 nec
390 1388 498 1446 apud
525 1389 620 1432 illos
649 1403 726 1433 nec
755 1390 799 1433 in
820 1388 991 1448 Cruquii
1022 1390 1192 1434 scholiis
1221 1389 1427 1447 leguntur.
1488 1388 1697 1442 Quaedam
1726 1387 1821 1432 inde
1851 1394 2047 1448 excerpta
2074 1390 2118 1433 in
2137 1388 2295 1434 Comm.
2324 1389 2381 1433 H.
2414 1390 2528 1434 dabi-

147 1470 248 1506 mus.
305 1455 444 1498 Etiam
480 1457 681 1499 vocabula
711 1455 873 1500 Graeca
912 1458 1062 1499 litteris
1100 1457 1322 1513 majoribus
1362 1456 1594 1498 rectissime
1624 1456 1779 1515 scripta
1805 1457 1848 1499 in
1880 1456 2051 1499 scholiis
2080 1462 2293 1516 apparent,
2323 1463 2367 1500 ut
2393 1457 2526 1517 Epod.

145 1525 190 1578 5,
218 1524 289 1566 65.
318 1522 709 1568 HAPICTOPIA.
740 1524 907 1568 Passim
950 1525 1161 1569 recentior
1198 1538 1340 1567 manus
1371 1522 1565 1581 quaedam
1595 1523 1803 1583 appinxit,
1834 1523 1909 1567 sed
1936 1524 2085 1568 rarius.
2141 1524 2364 1569 Permultis
2394 1530 2527 1570 autem

144 1591 248 1633 locis
277 1591 382 1633 haec
412 1592 570 1634 scholia
599 1606 676 1634 usu
707 1598 750 1634 et
778 1598 981 1635 vetustate
1010 1593 1069 1635 ita
1098 1593 1288 1634 abstersa
1317 1596 1358 1633 et
1373 1591 1520 1634 detrita
1536 1597 1644 1646 sunt,
1674 1596 1718 1634 ut
1731 1591 1817 1649 legi
1827 1592 1912 1648 J'am
1927 1605 2008 1635 non
2022 1593 2197 1649 possint.
2217 1619 2269 1626 —
2297 1591 2526 1637 Glossae

143 1672 220 1717 per
258 1671 400 1701 omnes
439 1660 618 1717 paginas
657 1659 700 1702 in
740 1661 911 1703 vocibus
951 1660 1127 1717 singulis
1168 1659 1471 1717 superscriptae
1509 1672 1590 1702 una
1633 1673 1722 1702 cum
1751 1657 1921 1702 scholiis
1952 1658 2118 1702 eandem
2148 1659 2268 1717 plane
2298 1661 2527 1718 scripturae

144 1725 321 1769 indolem
361 1731 616 1784 aetatemque
656 1731 776 1784 atque
815 1727 898 1785 ipsi
940 1741 1088 1770 versus
1119 1726 1318 1785 produnt,
1349 1725 1492 1770 eodem
1524 1740 1679 1783 quoque
1710 1731 1934 1769 atramento
1966 1726 2161 1785 scriptae,
2189 1730 2234 1768 ut
2262 1726 2311 1769 ab
2341 1741 2422 1770 uno
2454 1742 2526 1772 eo·

146 1792 316 1850 demque
347 1794 485 1836 scriba
513 1808 590 1851 per
619 1798 745 1836 totum
776 1793 956 1836 codicem
986 1794 1175 1836 versibus
1207 1793 1367 1835 additae
1398 1808 1496 1836 esse
1530 1793 1757 1837 videantur.
1787 1818 1845 1826 —

260 1861 396 1918 Hujus
428 1861 581 1904 codicis
611 1876 699 1904 cum
730 1867 817 1905 tota
846 1862 1073 1920 scripturae
1101 1860 1281 1915 indoles,
1312 1866 1393 1903 tum
1428 1860 1581 1919 singuli
1608 1860 1835 1904 litterarum
1864 1860 2024 1916 ductus,
2054 1861 2293 1920 compendia
2322 1861 2529 1907 scribendi

147 1936 188 1971 et
230 1928 571 1988 diphthongorum
611 1944 710 1972 usus
749 1930 946 1987 frequens
978 1928 1247 1971 saeculum
1286 1928 1529 1971 decimum
1576 1930 1809 1973 certissime
1849 1929 2043 1980 indicant.
2102 1929 2318 1987 Scriptura
2353 1930 2530 1975 rotunda

144 1999 277 2054 magis
320 2012 435 2053 quam
474 1998 699 2054 angulosa,
739 2012 816 2039 nec
855 1997 1181 2054 Longobardica
1219 2002 1308 2051 est,
1348 2002 1392 2039 ut
1427 1996 1532 2054 apud
1563 1996 1726 2040 Janium
1755 1998 1928 2054 legitur,
1963 1996 2038 2040 sed
2066 2006 2182 2040 recta
2208 1996 2396 2040 Romana
2425 2013 2528 2055 quae

143 2065 310 2123 proprie
340 2064 500 2109 dicitur.
558 2065 751 2108 Litterae
779 2065 998 2122 longiores
1029 2065 1060 2108 s.
1090 2064 1122 2107 f.
1152 2079 1187 2107 r.
1219 2070 1261 2107 et
1290 2079 1415 2123 supra
1445 2069 1487 2107 et
1514 2064 1625 2107 infra
1652 2064 1800 2109 lineam
1828 2064 2028 2124 paululum
2044 2063 2283 2124 productae,
2312 2080 2414 2123 quae
2429 2079 2527 2110 con·

143 2132 313 2176 suetudo
352 2133 432 2176 fuit
460 2132 572 2175 illius
603 2132 767 2175 aetatis.
828 2131 1091 2191 Diphthongi
1130 2146 1189 2174 ae
1221 2137 1262 2174 et
1300 2146 1361 2174 oe
1391 2146 1479 2174 cum
1511 2131 1619 2190 siglo
1649 2146 1687 2175 ae
1717 2132 2092 2190 frequentissimae,
2123 2133 2403 2190 antiquissimo
2434 2148 2527 2189 usu,

141 2203 206 2258 qui
236 2202 441 2260 paullatim
472 2201 630 2244 demum
661 2201 704 2242 in
735 2216 763 2265 q
792 2204 835 2242 et
863 2214 886 2241 e
918 2199 1095 2242 transiit.
1127 2200 1148 2241 s
1172 2199 1337 2257 longum
1366 2199 1537 2256 ubique,
1580 2214 1600 2242 s
1630 2199 1751 2242 finale
1779 2214 1992 2256 nusquam,
2021 2199 2127 2256 quod
2159 2214 2270 2243 saec.
2301 2200 2379 2243 XI.
2410 2215 2528 2245 usur·

138 2269 230 2327 pari
263 2271 413 2327 coepit.
444 2284 459 2310 1
488 2282 632 2327 purum
663 2281 827 2326 semper
856 2270 962 2320 (non
992 2264 1011 2309 ί
1038 2266 1106 2308 vel
1134 2267 1169 2317 i)
1199 2280 1225 2307 ιι
1255 2267 1416 2322 ubique,
1445 2280 1528 2309 non
1556 2280 1605 2319 v;
1634 2267 1832 2323 rubique,
1860 2280 1944 2309 non
1971 2278 2008 2319 ²3
2039 2266 2242 2323 dubique,
2261 2266 2527 2325 nond(quod

139 2334 252 2377 licet'
276 2337 319 2377 in
364 2337 567 2394 scriptura
598 2335 811 2378 Saxonica
849 2335 966 2392 prius
1003 2334 1326 2390 frequentatum,
1368 2334 1413 2376 in
1441 2334 1665 2376 minuscula
1692 2333 1882 2377 Romana
1910 2347 2021 2377 saec.
2050 2332 2128 2376 XI.
2159 2333 2314 2377 demum
2340 2334 2383 2377 in
2413 2349 2528 2379 usum

139 2404 288 2455 venit).
322 2401 364 2446 d:
396 2403 543 2461 siglum
583 2404 628 2447 in
656 2416 802 2447 vocum
831 2401 978 2457 initio,
1017 2400 1174 2456 medio,
1213 2400 1296 2444 fine
1327 2403 1395 2455 (ιιι
1424 2399 1581 2456 duam,
1629 2399 1752 2460 pd’co,
1801 2399 1929 2458 ειῶ),
1975 2406 2058 2444 est
2104 2400 2172 2444 vel
2198 2402 2244 2447 ἶ.
2281 2400 2530 2461 plerumque,

140 2474 231 2525 (-².-
263 2479 329 2517 1÷⁴
356 2485 433 2530 pro
475 2476 575 2527 est,
605 2471 765 2526 rarius)
794 2483 891 2513 con
923 2468 989 2511 vel
1016 2470 1039 2514 ὃ
1066 2470 1217 2524 (com),
1246 2482 1444 2526 nusquam
1473 2469 1578 2511 ovel
1604 2471 1656 2511 9:
1693 2467 1730 2527 ἲ)
1774 2469 1865 2524 (ha)
1894 2474 1953 2521 m,
1980 2469 2109 2525 (ma):
2154 2468 2256 2510 haec
2286 2470 2421 2513 omnia
2439 2484 2532 2513 sae-

144 2539 222 2579 culi
252 2538 398 2580 decimi
427 2553 544 2581 usum
574 2540 854 2596 incorruptum
885 2536 1109 2578 declarant.
1175 2536 1368 2578 Litterae
1398 2538 1576 2593 majores
1607 2537 1762 2595 passim
1792 2537 1834 2578 in
1864 2536 1997 2579 medio
2029 2550 2181 2587 versu,
2211 2536 2314 2579 adeo
2352 2538 2529 2595 singulis

143 2606 314 2648 vocibus
350 2607 554 2650 immixtae
576 2614 777 2666 apparent
804 2608 870 2655 (ut
897 2603 920 2647 1
950 2602 1039 2648 Sat.
1069 2607 1110 2648 4.
1140 2602 1327 2648 1⁰5.-Ut
1340 2604 1529 2663 fugerem
1548 2603 1757 2664 Exemplis
1788 2629 1840 2637 —-
1872 2603 1906 2649 I.
1936 2603 2014 2664 Ep.
2043 2606 2074 2649 7
2088 2639 2102 2660 ,
2129 2606 2201 2650 ⁵2.
2231 2603 2427 2665 ph1h12m3
2456 2606 2528 2654 42.

142 2673 320 2717 heabae.
354 2698 405 2705 —
436 2673 913 2734 interpunctionis
944 2672 1067 2731 signa
1096 2677 1211 2715 suntx
1241 2677 1455 2732 punctum,
1486 2672 1607 2715 colon
1637 2671 1742 2731 (ψ)
1774 2673 1993 2716 semicolon
2024 2674 2089 2729 (ς)
2117 2672 2402 2732 interrogandi
2438 2674 2527 2731 sig·

141 2756 236 2783 num
266 2742 367 2794 (τ’)
397 2746 585 2797 punctum
613 2744 744 2784 minus
775 2743 847 2795 (·)
875 2755 952 2799 pro
984 2746 1192 2782 commate.
1222 2765 1278 2772 —-
1310 2741 1714 2799 orthographia
1744 2757 1920 2784 vocum
1949 2742 2114 2797 antiqua
2143 2746 2185 2784 et
2212 2746 2326 2783 recta
2354 2740 2527 2798 plerum-

141 2823 230 2865 que.
291 2807 519 2850 Scribitur:
550 2806 820 2865 Juppiter,
850 2807 1139 2850 Maecenas
1170 2811 1286 2862 (raro
1315 2807 1591 2861 Mecenas)
1622 2822 1808 2863 caena,
1840 2807 2053 2862 caelum,
2083 2808 2298 2861 haeres,
2328 2807 2526 2862 (heres)

141 2875 376 2930 caelebs,
409 2879 634 2918 caetera
662 2875 912 2930 (cetera),
944 2874 1230 2930 obscenus,
1259 2874 1467 2930 loetum,
1496 2874 1727 2931 Bachus,
1757 2875 1981 2934 Apulus,
2010 2873 2528 2929 milia,baca,belua,

139 2943 314 3003 pelex,
341 2957 466 2986 sucu
484 2956 522 2998 s,
554 2947 724 2996 artus,
753 2942 885 2985 litus
916 2942 1119 2997 (littora),
1150 2942 1413 3000 quicquid,
1443 2944 1731 3000 quicquam,
1761 2943 2092 3000 nequiquam,
2121 2955 2367 2998 umquam,
2396 2956 2527 2991 num-

141 3025 301 3068 quam,
346 3025 575 3067 cnmque,
607 3014 879 3067 quattuor,
909 3015 1223 3066 percontor,
1254 3011 1609 3068 sepulchrum3
1639 3011 1846 3065 vultus,
1876 3010 2070 3066 vulgus
2111 3008 2337 3064 (voltus,
2367 3009 2527 3067 volgo

140 3080 298 3134 rarius)
328 3093 525 3137 urgere
563 3080 825 3137 (urguere
864 3076 1045 3131 rarius);
1074 3075 1211 3121 littera
1237 3093 1262 3137 p
1291 3079 1399 3122 inter
1427 3094 1526 3134 mn,
1555 3093 1651 3134 ms,
1680 3083 1770 3134 mt,
1808 3077 2041 3138 plerumque
2069 3076 2228 3121 inserta
2266 3075 2527 3138 (dampno,

106 3165 109 3167 Α
139 3147 370 3207 hiemps,
401 3150 682 3207 sumptus);
712 3144 938 3191 litteraein
957 3144 1192 3203 compositis
1208 3145 1440 3204 plerumque
1459 3159 1544 3189 non
1561 3146 1797 3192 coalescunt
1826 3146 2054 3206 (inpune,
2081 3145 2383 3202 inmiscere,
2414 3147 2525 3189 sub-

139 3215 345 3275 posuit,
394 3214 725 3269 conlaudem)
755 3213 788 3256 ii
825 3212 918 3256 fere
947 3217 1181 3255 contractae
1210 3211 1424 3268 (obicit,
1456 3213 1640 3268 inicit,
1689 3214 1882 3270 deicit,
1919 3213 2073 3267 Bais)
2110 3214 2197 3256 iet
2224 3228 2278 3271 y,
2317 3228 2340 3257 c
2370 3221 2412 3257 et
2437 3219 2455 3257 t
2481 3216 2525 3258 in
