<?xml version="1.0" encoding="UTF-8"?>
<!DOCTYPE html PUBLIC "-//W3C//DTD XHTML 1.0 Transitional//EN"
    "http://www.w3.org/TR/xhtml1/DTD/xhtml1-transitional.dtd">
<html xmlns="http://www.w3.org/1999/xhtml" xml:lang="en" lang="en">
 <head>
  <title>
</title>
<meta http-equiv="Content-Type" content="text/html;charset=utf-8" />
  <meta name='ocr-system' content='tesseract 3.04.00' />
  <meta name='ocr-capabilities' content='ocr_page ocr_carea ocr_par ocr_line ocrx_word'/>
</head>
<body>
  <div class='ocr_page' id='page_1' title='image "./4627232_0042.png"; bbox 0 0 2737 3600; ppageno 0'>
   <div class='ocr_carea' id='block_1_1' title="bbox 1179 231 1493 239">
    <p class='ocr_par' dir='ltr' id='par_1_1' title="bbox 1179 231 1493 239">
     <span class='ocr_line' id='line_1_1' title="bbox 1179 231 1493 239; baseline 0 0"><span class='ocrx_word' id='word_1_1' title='bbox 1179 231 1493 239; x_wconf 95' lang='lat' dir='ltr'> </span> 
     </span>
    </p>
   </div>
   <div class='ocr_carea' id='block_1_2' title="bbox 147 296 2523 1041">
    <p class='ocr_par' dir='ltr' id='par_1_2' title="bbox 147 296 2523 1041">
     <span class='ocr_line' id='line_1_2' title="bbox 151 296 2520 365; baseline -0.003 -15"><span class='ocrx_word' id='word_1_2' title='bbox 151 304 299 349; x_wconf 71' lang='lat' dir='ltr'>nentis</span> <span class='ocrx_word' id='word_1_3' title='bbox 335 304 486 365; x_wconf 83' lang='lat' dir='ltr'>ligneis</span> <span class='ocrx_word' id='word_1_4' title='bbox 525 305 712 363; x_wconf 63' lang='lat' dir='ltr'>(quorun</span> <span class='ocrx_word' id='word_1_5' title='bbox 747 300 957 363; x_wconf 74' lang='lat' dir='ltr'>posterius</span> <span class='ocrx_word' id='word_1_6' title='bbox 995 297 1143 343; x_wconf 83' lang='lat' dir='ltr'>annulo</span> <span class='ocrx_word' id='word_1_7' title='bbox 1182 298 1323 343; x_wconf 76' lang='lat' dir='ltr'>semo</span> <span class='ocrx_word' id='word_1_8' title='bbox 1362 298 1546 344; x_wconf 72' lang='lat' dir='ltr'>fortisse</span> <span class='ocrx_word' id='word_1_9' title='bbox 1581 297 1633 345; x_wconf 89' lang='lat' dir='ltr'>ad</span> <span class='ocrx_word' id='word_1_10' title='bbox 1668 298 1811 345; x_wconf 72' lang='lat' dir='ltr'>librum</span> <span class='ocrx_word' id='word_1_11' title='bbox 1838 298 2083 361; x_wconf 86' lang='lat' dir='ltr'>alligandum</span> <span class='ocrx_word' id='word_1_12' title='bbox 2110 298 2371 354; x_wconf 78' lang='lat' dir='ltr'>instructam)</span> <span class='ocrx_word' id='word_1_13' title='bbox 2401 296 2520 343; x_wconf 89' lang='lat' dir='ltr'>corio</span> 
     </span>
     <span class='ocr_line' id='line_1_3' title="bbox 153 357 2522 430; baseline -0.003 -14"><span class='ocrx_word' id='word_1_14' title='bbox 153 369 328 417; x_wconf 69' lang='lat' dir='ltr'>sordido</span> <span class='ocrx_word' id='word_1_15' title='bbox 351 375 471 417; x_wconf 80' lang='lat' dir='ltr'>tectis</span> <span class='ocrx_word' id='word_1_16' title='bbox 502 387 528 416; x_wconf 92' lang='lat' dir='ltr'>a</span> <span class='ocrx_word' id='word_1_17' title='bbox 555 370 838 426; x_wconf 64' lang='lat' dir='ltr'>ver-ibasque</span> <span class='ocrx_word' id='word_1_18' title='bbox 868 366 1037 423; x_wconf 86' lang='lat' dir='ltr'>exesis,</span> <span class='ocrx_word' id='word_1_19' title='bbox 1065 363 1268 411; x_wconf 76' lang='lat' dir='ltr'>volamine</span> <span class='ocrx_word' id='word_1_20' title='bbox 1302 357 1499 412; x_wconf 81' lang='lat' dir='ltr'>mediocri</span> <span class='ocrx_word' id='word_1_21' title='bbox 1533 374 1699 429; x_wconf 86' lang='lat' dir='ltr'>praeter</span> <span class='ocrx_word' id='word_1_22' title='bbox 1726 369 1806 413; x_wconf 87' lang='lat' dir='ltr'>alia</span> <span class='ocrx_word' id='word_1_23' title='bbox 1832 369 1949 430; x_wconf 85' lang='lat' dir='ltr'>plura</span> <span class='ocrx_word' id='word_1_24' title='bbox 1988 369 2033 414; x_wconf 89' lang='lat' dir='ltr'>in</span> <span class='ocrx_word' id='word_1_25' title='bbox 2059 371 2120 413; x_wconf 76' lang='lat'>22</span> <span class='ocrx_word' id='word_1_26' title='bbox 2145 368 2262 413; x_wconf 80' lang='lat' dir='ltr'>foliis</span> <span class='ocrx_word' id='word_1_27' title='bbox 2297 366 2522 412; x_wconf 82' lang='lat' dir='ltr'>Horatii</span> 
     </span>
     <span class='ocr_line' id='line_1_4' title="bbox 152 433 2522 503; baseline -0.003 -17"><span class='ocrx_word' id='word_1_28' title='bbox 152 434 435 503; x_wconf 64' lang='lat' dir='ltr'>Epistolas</span> <span class='ocrx_word' id='word_1_29' title='bbox 476 439 669 485; x_wconf 84' lang='lat' dir='ltr'>continet</span> <span class='ocrx_word' id='word_1_30' title='bbox 695 445 824 495; x_wconf 79' lang='lat' dir='ltr'>usqne</span> <span class='ocrx_word' id='word_1_31' title='bbox 855 433 909 479; x_wconf 90' lang='lat' dir='ltr'>ad</span> <span class='ocrx_word' id='word_1_32' title='bbox 934 433 1071 496; x_wconf 85' lang='lat' dir='ltr'>Epist.</span> <span class='ocrx_word' id='word_1_33' title='bbox 1100 433 1160 491; x_wconf 89' lang='lat'>11,</span> <span class='ocrx_word' id='word_1_34' title='bbox 1182 435 1233 491; x_wconf 77' lang='grc'>2,</span> <span class='ocrx_word' id='word_1_35' title='bbox 1261 449 1301 479; x_wconf 82' lang='lat' dir='ltr'>v.</span> <span class='ocrx_word' id='word_1_36' title='bbox 1332 437 1429 481; x_wconf 73' lang='lat'><strong>1⁹⁸.</strong></span> <span class='ocrx_word' id='word_1_37' title='bbox 1457 436 1501 480; x_wconf 89' lang='lat' dir='ltr'>iu</span> <span class='ocrx_word' id='word_1_38' title='bbox 1529 437 1757 481; x_wconf 82' lang='lat' dir='ltr'>membrana</span> <span class='ocrx_word' id='word_1_39' title='bbox 1786 437 1905 480; x_wconf 84' lang='lat' dir='ltr'>valde</span> <span class='ocrx_word' id='word_1_40' title='bbox 1934 438 2033 480; x_wconf 90' lang='lat' dir='ltr'>trita</span> <span class='ocrx_word' id='word_1_41' title='bbox 2061 441 2104 479; x_wconf 88' lang='lat' dir='ltr'>et</span> <span class='ocrx_word' id='word_1_42' title='bbox 2132 435 2301 480; x_wconf 83' lang='lat' dir='ltr'>sordida</span> <span class='ocrx_word' id='word_1_43' title='bbox 2329 433 2522 492; x_wconf 83' lang='lat' dir='ltr'>sordide,</span> 
     </span>
     <span class='ocr_line' id='line_1_5' title="bbox 152 502 2519 567; baseline -0.002 -14"><span class='ocrx_word' id='word_1_44' title='bbox 152 509 329 567; x_wconf 54' lang='lat' dir='ltr'>&amp;gusto</span> <span class='ocrx_word' id='word_1_45' title='bbox 365 513 408 552; x_wconf 88' lang='lat' dir='ltr'>et</span> <span class='ocrx_word' id='word_1_46' title='bbox 443 505 712 564; x_wconf 70' lang='lat' dir='ltr'>inaequaliter</span> <span class='ocrx_word' id='word_1_47' title='bbox 751 502 944 563; x_wconf 89' lang='lat' dir='ltr'>scriptas.</span> <span class='ocrx_word' id='word_1_48' title='bbox 1012 502 1211 563; x_wconf 81' lang='lat' dir='ltr'>Singulae</span> <span class='ocrx_word' id='word_1_49' title='bbox 1238 505 1415 564; x_wconf 84' lang='lat' dir='ltr'>paginae</span> <span class='ocrx_word' id='word_1_50' title='bbox 1443 506 1662 565; x_wconf 82' lang='lat' dir='ltr'>imparibus</span> <span class='ocrx_word' id='word_1_51' title='bbox 1690 506 1872 549; x_wconf 87' lang='lat' dir='ltr'>numeris</span> <span class='ocrx_word' id='word_1_52' title='bbox 1904 504 2129 564; x_wconf 85' lang='lat' dir='ltr'>spatiisque</span> <span class='ocrx_word' id='word_1_53' title='bbox 2167 502 2291 548; x_wconf 80' lang='lat' dir='ltr'>modo</span> <span class='ocrx_word' id='word_1_54' title='bbox 2329 504 2519 563; x_wconf 87' lang='lat' dir='ltr'>angusti-</span> 
     </span>
     <span class='ocr_line' id='line_1_6' title="bbox 152 570 2521 633; baseline -0.003 -12"><span class='ocrx_word' id='word_1_55' title='bbox 152 575 293 621; x_wconf 69' lang='lat' dir='ltr'>oribus</span> <span class='ocrx_word' id='word_1_56' title='bbox 330 573 452 619; x_wconf 84' lang='lat' dir='ltr'>modo</span> <span class='ocrx_word' id='word_1_57' title='bbox 485 571 715 617; x_wconf 77' lang='lat' dir='ltr'>laxioribus</span> <span class='ocrx_word' id='word_1_58' title='bbox 742 572 945 615; x_wconf 62' lang='lat'>80—8</span> <span class='ocrx_word' id='word_1_59' title='bbox 970 584 1117 615; x_wconf 79' lang='lat' dir='ltr'>versus</span> <span class='ocrx_word' id='word_1_60' title='bbox 1157 573 1364 617; x_wconf 85' lang='lat' dir='ltr'>continent</span> <span class='ocrx_word' id='word_1_61' title='bbox 1404 574 1580 633; x_wconf 88' lang='lat' dir='ltr'>scriptos</span> <span class='ocrx_word' id='word_1_62' title='bbox 1609 575 1717 617; x_wconf 87' lang='lat' dir='ltr'>inter</span> <span class='ocrx_word' id='word_1_63' title='bbox 1743 573 1878 616; x_wconf 88' lang='lat' dir='ltr'>lineas</span> <span class='ocrx_word' id='word_1_64' title='bbox 1908 572 2005 615; x_wconf 91' lang='lat' dir='ltr'>stilo</span> <span class='ocrx_word' id='word_1_65' title='bbox 2034 570 2179 614; x_wconf 80' lang='lat' dir='ltr'>ductas</span> <span class='ocrx_word' id='word_1_66' title='bbox 2207 571 2396 633; x_wconf 74' lang='lat' dir='ltr'>binisque</span> <span class='ocrx_word' id='word_1_67' title='bbox 2423 586 2521 631; x_wconf 93' lang='lat' dir='ltr'>per-</span> 
     </span>
     <span class='ocr_line' id='line_1_7' title="bbox 149 638 2522 705; baseline -0.002 -17"><span class='ocrx_word' id='word_1_68' title='bbox 149 641 474 705; x_wconf 72' lang='lat' dir='ltr'>pendicula-ibus</span> <span class='ocrx_word' id='word_1_69' title='bbox 505 640 701 698; x_wconf 81' lang='lat' dir='ltr'>utrimque</span> <span class='ocrx_word' id='word_1_70' title='bbox 728 638 929 705; x_wconf 69' lang='lat' dir='ltr'>inclusas.</span> <span class='ocrx_word' id='word_1_71' title='bbox 983 639 1173 685; x_wconf 82' lang='lat' dir='ltr'>Litterae</span> <span class='ocrx_word' id='word_1_72' title='bbox 1200 641 1434 700; x_wconf 73' lang='lat' dir='ltr'>eclogarum</span> <span class='ocrx_word' id='word_1_73' title='bbox 1460 641 1640 685; x_wconf 86' lang='lat' dir='ltr'>initiales</span> <span class='ocrx_word' id='word_1_74' title='bbox 1670 640 1794 684; x_wconf 85' lang='lat' dir='ltr'>viridi</span> <span class='ocrx_word' id='word_1_75' title='bbox 1822 639 1964 692; x_wconf 77' lang='lat' dir='ltr'>colore</span> <span class='ocrx_word' id='word_1_76' title='bbox 1994 639 2130 699; x_wconf 82' lang='lat' dir='ltr'>pictae</span> <span class='ocrx_word' id='word_1_77' title='bbox 2144 638 2351 696; x_wconf 84' lang='lat' dir='ltr'>minioque</span> <span class='ocrx_word' id='word_1_78' title='bbox 2364 639 2522 697; x_wconf 80' lang='lat' dir='ltr'>passim</span> 
     </span>
     <span class='ocr_line' id='line_1_8' title="bbox 151 707 2523 768; baseline -0.001 -13"><span class='ocrx_word' id='word_1_79' title='bbox 151 714 399 764; x_wconf 80' lang='lat' dir='ltr'>exornatae,</span> <span class='ocrx_word' id='word_1_80' title='bbox 437 721 628 752; x_wconf 76' lang='lat' dir='ltr'>versuum</span> <span class='ocrx_word' id='word_1_81' title='bbox 663 707 841 752; x_wconf 84' lang='lat' dir='ltr'>initiales</span> <span class='ocrx_word' id='word_1_82' title='bbox 870 722 896 752; x_wconf 90' lang='lat' dir='ltr'>a</span> <span class='ocrx_word' id='word_1_83' title='bbox 923 713 1036 752; x_wconf 84' lang='lat' dir='ltr'>textu</span> <span class='ocrx_word' id='word_1_84' title='bbox 1074 709 1314 767; x_wconf 84' lang='lat' dir='ltr'>aliquantum</span> <span class='ocrx_word' id='word_1_85' title='bbox 1352 714 1531 753; x_wconf 84' lang='lat' dir='ltr'>semotae</span> <span class='ocrx_word' id='word_1_86' title='bbox 1567 708 1710 753; x_wconf 90' lang='lat' dir='ltr'>eodem</span> <span class='ocrx_word' id='word_1_87' title='bbox 1745 707 1871 752; x_wconf 80' lang='lat' dir='ltr'>viridi</span> <span class='ocrx_word' id='word_1_88' title='bbox 1911 707 2121 768; x_wconf 84' lang='lat' dir='ltr'>pigmento</span> <span class='ocrx_word' id='word_1_89' title='bbox 2160 719 2303 750; x_wconf 85' lang='lat' dir='ltr'>omnes</span> <span class='ocrx_word' id='word_1_90' title='bbox 2339 711 2523 752; x_wconf 88' lang='lat' dir='ltr'>notatae.</span> 
     </span>
     <span class='ocr_line' id='line_1_9' title="bbox 147 774 2523 838; baseline -0.002 -16"><span class='ocrx_word' id='word_1_91' title='bbox 147 776 341 838; x_wconf 23' lang='lat' dir='ltr'>Paginao&#39;</span> <span class='ocrx_word' id='word_1_92' title='bbox 363 774 526 835; x_wconf 81' lang='lat' dir='ltr'>priores</span> <span class='ocrx_word' id='word_1_93' title='bbox 555 774 712 832; x_wconf 74' lang='lat' dir='ltr'>glossis</span> <span class='ocrx_word' id='word_1_94' title='bbox 740 775 850 821; x_wconf 85' lang='lat' dir='ltr'>inter</span> <span class='ocrx_word' id='word_1_95' title='bbox 875 775 1006 819; x_wconf 90' lang='lat' dir='ltr'>lineas</span> <span class='ocrx_word' id='word_1_96' title='bbox 1036 781 1079 819; x_wconf 89' lang='lat' dir='ltr'>et</span> <span class='ocrx_word' id='word_1_97' title='bbox 1106 776 1275 820; x_wconf 80' lang='lat' dir='ltr'>scholiis</span> <span class='ocrx_word' id='word_1_98' title='bbox 1315 777 1443 819; x_wconf 85' lang='lat' dir='ltr'>variis</span> <span class='ocrx_word' id='word_1_99' title='bbox 1483 777 1666 819; x_wconf 78' lang='lat' dir='ltr'>manibus</span> <span class='ocrx_word' id='word_1_100' title='bbox 1694 776 1976 832; x_wconf 81' lang='lat' dir='ltr'>aetatibusque</span> <span class='ocrx_word' id='word_1_101' title='bbox 2004 776 2121 818; x_wconf 82' lang='lat' dir='ltr'>varie</span> <span class='ocrx_word' id='word_1_102' title='bbox 2150 775 2318 832; x_wconf 88' lang='lat' dir='ltr'>scriptis</span> <span class='ocrx_word' id='word_1_103' title='bbox 2349 775 2523 818; x_wconf 78' lang='lat' dir='ltr'>obrutae</span> 
     </span>
     <span class='ocr_line' id='line_1_10' title="bbox 150 839 2520 904; baseline 0 -18"><span class='ocrx_word' id='word_1_104' title='bbox 150 842 385 904; x_wconf 71' lang='lat' dir='ltr'>inspicienti</span> <span class='ocrx_word' id='word_1_105' title='bbox 414 843 627 887; x_wconf 79' lang='lat' dir='ltr'>horrorem</span> <span class='ocrx_word' id='word_1_106' title='bbox 655 858 785 903; x_wconf 88' lang='lat' dir='ltr'>paene</span> <span class='ocrx_word' id='word_1_107' title='bbox 814 850 989 888; x_wconf 81' lang='lat' dir='ltr'>movent.</span> <span class='ocrx_word' id='word_1_108' title='bbox 1074 843 1124 888; x_wconf 89' lang='lat' dir='ltr'>In</span> <span class='ocrx_word' id='word_1_109' title='bbox 1152 845 1453 904; x_wconf 72' lang='lat' dir='ltr'>posterioribus</span> <span class='ocrx_word' id='word_1_110' title='bbox 1483 844 1533 886; x_wconf 75' lang='lat' dir='ltr'>al»</span> <span class='ocrx_word' id='word_1_111' title='bbox 1563 843 1642 901; x_wconf 86' lang='lat' dir='ltr'>Ep.</span> <span class='ocrx_word' id='word_1_112' title='bbox 1675 845 1745 887; x_wconf 72' lang='lat'>1⁵.</span> <span class='ocrx_word' id='word_1_113' title='bbox 1776 842 1935 887; x_wconf 82' lang='lat' dir='ltr'>scholia</span> <span class='ocrx_word' id='word_1_114' title='bbox 1963 848 2005 887; x_wconf 92' lang='lat' dir='ltr'>et</span> <span class='ocrx_word' id='word_1_115' title='bbox 2031 842 2204 901; x_wconf 89' lang='lat' dir='ltr'>glossae</span> <span class='ocrx_word' id='word_1_116' title='bbox 2232 841 2324 886; x_wconf 81' lang='lat' dir='ltr'>fere</span> <span class='ocrx_word' id='word_1_117' title='bbox 2354 839 2520 899; x_wconf 85' lang='lat' dir='ltr'>desunt,</span> 
     </span>
     <span class='ocr_line' id='line_1_11' title="bbox 150 908 2521 1041; baseline -0.001 -18"><span class='ocrx_word' id='word_1_118' title='bbox 150 908 522 1039; x_wconf 58' lang='grc' dir='ltr'>’τῗὲἷὶἷῗμῖἷ</span> <span class='ocrx_word' id='word_1_119' title='bbox 547 911 913 1024; x_wconf 39' lang='lat' dir='ltr'>maffeii.</span> <span class='ocrx_word' id='word_1_120' title='bbox 932 910 1754 1041; x_wconf 41' lang='lat' dir='ltr'>{fflztfzffssffzzff&#39;tztzztff</span> <span class='ocrx_word' id='word_1_121' title='bbox 1782 910 2069 1020; x_wconf 55' lang='grc' dir='ltr'>’Χὲὲΐὲἓ</span> <span class='ocrx_word' id='word_1_122' title='bbox 2085 909 2521 1036; x_wconf 51' lang='grc' dir='ltr'>Ἐᾞὶἑῖἔέῗξιῖζ</span> 
     </span>
    </p>
   </div>
   <div class='ocr_carea' id='block_1_3' title="bbox 62 1044 2520 1107">
    <p class='ocr_par' dir='ltr' id='par_1_3' title="bbox 62 1044 2520 1107">
     <span class='ocr_line' id='line_1_12' title="bbox 62 1044 2520 1107; baseline -0 -17"><span class='ocrx_word' id='word_1_123' title='bbox 62 1099 67 1102; x_wconf 11' lang='lat' dir='ltr'>g</span> <span class='ocrx_word' id='word_1_124' title='bbox 148 1060 174 1090; x_wconf 91' lang='lat' dir='ltr'>e</span> <span class='ocrx_word' id='word_1_125' title='bbox 202 1046 327 1090; x_wconf 71' lang='lat' dir='ltr'>rubi-o</span> <span class='ocrx_word' id='word_1_126' title='bbox 356 1047 533 1106; x_wconf 84' lang='lat' dir='ltr'>nigrum,</span> <span class='ocrx_word' id='word_1_127' title='bbox 562 1052 659 1107; x_wconf 86' lang='lat' dir='ltr'>post</span> <span class='ocrx_word' id='word_1_128' title='bbox 684 1048 886 1107; x_wconf 87' lang='lat' dir='ltr'>pallidius.</span> <span class='ocrx_word' id='word_1_129' title='bbox 943 1047 1160 1107; x_wconf 70' lang='lat' dir='ltr'><strong>Scriptura</strong></span> <span class='ocrx_word' id='word_1_130' title='bbox 1186 1048 1355 1102; x_wconf 88' lang='lat' dir='ltr'>minuta,</span> <span class='ocrx_word' id='word_1_131' title='bbox 1383 1044 1627 1104; x_wconf 87' lang='lat' dir='ltr'>inaequalis,</span> <span class='ocrx_word' id='word_1_132' title='bbox 1655 1058 1797 1104; x_wconf 86' lang='lat' dir='ltr'>parum</span> <span class='ocrx_word' id='word_1_133' title='bbox 1826 1048 2031 1101; x_wconf 85' lang='lat' dir='ltr'>accurata,</span> <span class='ocrx_word' id='word_1_134' title='bbox 2060 1044 2182 1102; x_wconf 84' lang='lat' dir='ltr'>siglis</span> <span class='ocrx_word' id='word_1_135' title='bbox 2211 1048 2254 1087; x_wconf 94' lang='lat' dir='ltr'>et</span> <span class='ocrx_word' id='word_1_136' title='bbox 2267 1044 2520 1104; x_wconf 83' lang='lat' dir='ltr'>compendiis</span> 
     </span>
    </p>
   </div>
   <div class='ocr_carea' id='block_1_4' title="bbox 145 1110 2523 2457">
    <p class='ocr_par' dir='ltr' id='par_1_4' title="bbox 145 1110 2523 2457">
     <span class='ocr_line' id='line_1_13' title="bbox 149 1110 2521 1174; baseline 0.001 -16"><span class='ocrx_word' id='word_1_137' title='bbox 149 1113 356 1158; x_wconf 66' lang='lat' dir='ltr'>scrihendi</span> <span class='ocrx_word' id='word_1_138' title='bbox 384 1115 527 1160; x_wconf 84' lang='lat' dir='ltr'>obruta</span> <span class='ocrx_word' id='word_1_139' title='bbox 554 1114 724 1174; x_wconf 87' lang='lat' dir='ltr'>ideoque</span> <span class='ocrx_word' id='word_1_140' title='bbox 752 1116 860 1162; x_wconf 85' lang='lat' dir='ltr'>lectu</span> <span class='ocrx_word' id='word_1_141' title='bbox 889 1114 1098 1172; x_wconf 78' lang='lat' dir='ltr'>difficilis,</span> <span class='ocrx_word' id='word_1_142' title='bbox 1143 1113 1320 1159; x_wconf 82' lang='lat' dir='ltr'>Gothica</span> <span class='ocrx_word' id='word_1_143' title='bbox 1348 1118 1430 1170; x_wconf 87' lang='lat' dir='ltr'>est,</span> <span class='ocrx_word' id='word_1_144' title='bbox 1460 1111 1537 1157; x_wconf 92' lang='lat' dir='ltr'>sed</span> <span class='ocrx_word' id='word_1_145' title='bbox 1563 1111 1812 1173; x_wconf 87' lang='lat' dir='ltr'>posterioris</span> <span class='ocrx_word' id='word_1_146' title='bbox 1842 1112 2005 1154; x_wconf 89' lang='lat' dir='ltr'>aetatis.</span> <span class='ocrx_word' id='word_1_147' title='bbox 2061 1110 2253 1155; x_wconf 81' lang='lat' dir='ltr'>Litterae</span> <span class='ocrx_word' id='word_1_148' title='bbox 2280 1112 2322 1155; x_wconf 79' lang='lat' dir='ltr'>b.</span> <span class='ocrx_word' id='word_1_149' title='bbox 2350 1111 2392 1156; x_wconf 80' lang='lat' dir='ltr'>h.</span> <span class='ocrx_word' id='word_1_150' title='bbox 2420 1113 2450 1158; x_wconf 90' lang='lat' dir='ltr'>l.</span> <span class='ocrx_word' id='word_1_151' title='bbox 2478 1128 2521 1172; x_wconf 84' lang='lat' dir='ltr'>p.</span> 
     </span>
     <span class='ocr_line' id='line_1_14' title="bbox 148 1178 2521 1243; baseline 0 -19"><span class='ocrx_word' id='word_1_152' title='bbox 148 1193 189 1238; x_wconf 88' lang='lat' dir='ltr'>q.</span> <span class='ocrx_word' id='word_1_153' title='bbox 216 1180 249 1224; x_wconf 79' lang='lat' dir='ltr'>s.</span> <span class='ocrx_word' id='word_1_154' title='bbox 277 1180 344 1225; x_wconf 78' lang='lat' dir='ltr'>vel</span> <span class='ocrx_word' id='word_1_155' title='bbox 371 1182 481 1225; x_wconf 80' lang='lat' dir='ltr'>infra</span> <span class='ocrx_word' id='word_1_156' title='bbox 507 1182 574 1226; x_wconf 82' lang='lat' dir='ltr'>vel</span> <span class='ocrx_word' id='word_1_157' title='bbox 602 1197 727 1242; x_wconf 88' lang='lat' dir='ltr'>supra</span> <span class='ocrx_word' id='word_1_158' title='bbox 763 1183 912 1228; x_wconf 84' lang='lat' dir='ltr'>lineam</span> <span class='ocrx_word' id='word_1_159' title='bbox 948 1183 1181 1243; x_wconf 88' lang='lat' dir='ltr'>plerumque</span> <span class='ocrx_word' id='word_1_160' title='bbox 1215 1182 1381 1240; x_wconf 87' lang='lat' dir='ltr'>longius</span> <span class='ocrx_word' id='word_1_161' title='bbox 1410 1180 1658 1240; x_wconf 85' lang='lat' dir='ltr'>productae,</span> <span class='ocrx_word' id='word_1_162' title='bbox 1691 1179 1915 1240; x_wconf 81' lang='lat' dir='ltr'>praecipue</span> <span class='ocrx_word' id='word_1_163' title='bbox 1943 1180 1965 1221; x_wconf 83' lang='lat' dir='ltr'><strong>s</strong></span> <span class='ocrx_word' id='word_1_164' title='bbox 1989 1179 2032 1221; x_wconf 91' lang='lat' dir='ltr'>in</span> <span class='ocrx_word' id='word_1_165' title='bbox 2059 1178 2141 1221; x_wconf 83' lang='lat' dir='ltr'>fine</span> <span class='ocrx_word' id='word_1_166' title='bbox 2170 1193 2328 1235; x_wconf 85' lang='lat' dir='ltr'>vocum,</span> <span class='ocrx_word' id='word_1_167' title='bbox 2358 1185 2403 1223; x_wconf 89' lang='lat' dir='ltr'>nt</span> <span class='ocrx_word' id='word_1_168' title='bbox 2430 1180 2521 1224; x_wconf 82' lang='lat' dir='ltr'>fere</span> 
     </span>
     <span class='ocr_line' id='line_1_15' title="bbox 150 1244 2523 1311; baseline 0 -19"><span class='ocrx_word' id='word_1_169' title='bbox 150 1245 184 1292; x_wconf 79' lang='grc'><strong>8</strong></span> <span class='ocrx_word' id='word_1_170' title='bbox 213 1248 343 1307; x_wconf 80' lang='lat' dir='ltr'>majus</span> <span class='ocrx_word' id='word_1_171' title='bbox 382 1250 553 1294; x_wconf 79' lang='lat' dir='ltr'>reserat.</span> <span class='ocrx_word' id='word_1_172' title='bbox 583 1249 612 1294; x_wconf 81' lang='grc' dir='ltr'><em>δ</em></span> <span class='ocrx_word' id='word_1_173' title='bbox 637 1249 897 1311; x_wconf 72' lang='lat' dir='ltr'>plerumque,</span> <span class='ocrx_word' id='word_1_174' title='bbox 934 1249 961 1294; x_wconf 89' lang='lat' dir='ltr'>d</span> <span class='ocrx_word' id='word_1_175' title='bbox 989 1251 1149 1305; x_wconf 88' lang='lat' dir='ltr'>rarius,</span> <span class='ocrx_word' id='word_1_176' title='bbox 1187 1263 1211 1293; x_wconf 92' lang='lat' dir='ltr'>r</span> <span class='ocrx_word' id='word_1_177' title='bbox 1238 1253 1282 1293; x_wconf 92' lang='lat' dir='ltr'>et</span> <span class='ocrx_word' id='word_1_178' title='bbox 1309 1261 1323 1295; x_wconf 85' lang='grc' dir='ltr'>ι</span> <span class='ocrx_word' id='word_1_179' title='bbox 1351 1248 1597 1309; x_wconf 88' lang='lat' dir='ltr'>promiscue.</span> <span class='ocrx_word' id='word_1_180' title='bbox 1633 1261 1665 1307; x_wconf 88' lang='lat' dir='ltr'>g</span> <span class='ocrx_word' id='word_1_181' title='bbox 1692 1245 1852 1291; x_wconf 81' lang='lat' dir='ltr'>ductum</span> <span class='ocrx_word' id='word_1_182' title='bbox 1889 1244 2136 1306; x_wconf 84' lang='lat' dir='ltr'>posterioris</span> <span class='ocrx_word' id='word_1_183' title='bbox 2177 1246 2323 1291; x_wconf 84' lang='lat' dir='ltr'>aetatis</span> <span class='ocrx_word' id='word_1_184' title='bbox 2354 1260 2381 1290; x_wconf 89' lang='lat' dir='ltr'>a</span> <span class='ocrx_word' id='word_1_185' title='bbox 2409 1254 2523 1293; x_wconf 85' lang='lat' dir='ltr'>saec.</span> 
     </span>
     <span class='ocr_line' id='line_1_16' title="bbox 148 1313 2522 1378; baseline -0 -17"><span class='ocrx_word' id='word_1_186' title='bbox 148 1313 269 1360; x_wconf 70' lang='lat' dir='ltr'><strong>XIII.</strong></span> <span class='ocrx_word' id='word_1_187' title='bbox 298 1316 482 1362; x_wconf 85' lang='lat' dir='ltr'>extremo</span> <span class='ocrx_word' id='word_1_188' title='bbox 511 1318 634 1362; x_wconf 78' lang='lat' dir='ltr'>habet</span> <span class='ocrx_word' id='word_1_189' title='bbox 661 1318 750 1362; x_wconf 83' lang='lat' dir='ltr'>eth</span> <span class='ocrx_word' id='word_1_190' title='bbox 778 1332 917 1363; x_wconf 88' lang='lat' dir='ltr'>arcum</span> <span class='ocrx_word' id='word_1_191' title='bbox 945 1332 1061 1363; x_wconf 86' lang='lat' dir='ltr'>suum</span> <span class='ocrx_word' id='word_1_192' title='bbox 1089 1318 1201 1362; x_wconf 80' lang='lat' dir='ltr'>infra</span> <span class='ocrx_word' id='word_1_193' title='bbox 1226 1318 1375 1362; x_wconf 83' lang='lat' dir='ltr'>lineam</span> <span class='ocrx_word' id='word_1_194' title='bbox 1402 1314 1624 1378; x_wconf 75' lang='lat' dir='ltr'><strong>protendit.</strong></span> <span class='ocrx_word' id='word_1_195' title='bbox 1655 1330 1677 1360; x_wconf 89' lang='lat' dir='ltr'>s</span> <span class='ocrx_word' id='word_1_196' title='bbox 1696 1313 1818 1359; x_wconf 78' lang='lat' dir='ltr'>finale</span> <span class='ocrx_word' id='word_1_197' title='bbox 1846 1314 2058 1373; x_wconf 80' lang='lat' dir='ltr'>frequens,</span> <span class='ocrx_word' id='word_1_198' title='bbox 2087 1328 2114 1357; x_wconf 82' lang='lat' dir='ltr'>v</span> <span class='ocrx_word' id='word_1_199' title='bbox 2141 1328 2216 1375; x_wconf 89' lang='lat' dir='ltr'>pro</span> <span class='ocrx_word' id='word_1_200' title='bbox 2244 1329 2271 1358; x_wconf 87' lang='grc' dir='ltr'>ιι</span> <span class='ocrx_word' id='word_1_201' title='bbox 2299 1315 2417 1359; x_wconf 82' lang='grc' dir='ltr'>ἰιιίιίο</span> <span class='ocrx_word' id='word_1_202' title='bbox 2447 1329 2522 1360; x_wconf 79' lang='lat' dir='ltr'>vo·</span> 
     </span>
     <span class='ocr_line' id='line_1_17' title="bbox 148 1380 2523 1445; baseline 0 -18"><span class='ocrx_word' id='word_1_203' title='bbox 148 1397 254 1440; x_wconf 85' lang='lat' dir='ltr'>cum,</span> <span class='ocrx_word' id='word_1_204' title='bbox 282 1398 308 1428; x_wconf 95' lang='lat' dir='ltr'>e</span> <span class='ocrx_word' id='word_1_205' title='bbox 335 1399 410 1444; x_wconf 83' lang='lat' dir='ltr'>pra</span> <span class='ocrx_word' id='word_1_206' title='bbox 441 1399 491 1429; x_wconf 93' lang='lat' dir='ltr'>ae</span> <span class='ocrx_word' id='word_1_207' title='bbox 521 1399 684 1444; x_wconf 85' lang='lat' dir='ltr'>semper</span> <span class='ocrx_word' id='word_1_208' title='bbox 711 1386 1002 1441; x_wconf 68' lang='lat' dir='ltr'>fflecenas,</span> <span class='ocrx_word' id='word_1_209' title='bbox 1032 1386 1262 1441; x_wconf 87' lang='lat' dir='ltr'>camene)</span> <span class='ocrx_word' id='word_1_210' title='bbox 1291 1386 1467 1445; x_wconf 88' lang='lat' dir='ltr'>ipurum</span> <span class='ocrx_word' id='word_1_211' title='bbox 1494 1384 1659 1443; x_wconf 82' lang='lat' dir='ltr'>ubique,</span> <span class='ocrx_word' id='word_1_212' title='bbox 1688 1381 1764 1427; x_wconf 90' lang='lat' dir='ltr'>sed</span> <span class='ocrx_word' id='word_1_213' title='bbox 1792 1380 1827 1426; x_wconf 73' lang='lat' dir='ltr'><strong>fl</strong></span> <span class='ocrx_word' id='word_1_214' title='bbox 1852 1383 2008 1443; x_wconf 88' lang='lat' dir='ltr'>passim</span> <span class='ocrx_word' id='word_1_215' title='bbox 2035 1382 2286 1439; x_wconf 71' lang='lat' dir='ltr'>(studiis).</span> <span class='ocrx_word' id='word_1_216' title='bbox 2316 1383 2343 1428; x_wconf 92' lang='grc'><strong>7</strong></span> <span class='ocrx_word' id='word_1_217' title='bbox 2371 1397 2447 1443; x_wconf 92' lang='lat' dir='ltr'>pro</span> <span class='ocrx_word' id='word_1_218' title='bbox 2470 1389 2523 1428; x_wconf 91' lang='lat' dir='ltr'>et</span> 
     </span>
     <span class='ocr_line' id='line_1_18' title="bbox 146 1449 2521 1515; baseline 0 -20"><span class='ocrx_word' id='word_1_219' title='bbox 146 1450 306 1510; x_wconf 74' lang='lat' dir='ltr'>ubique,</span> <span class='ocrx_word' id='word_1_220' title='bbox 335 1453 380 1496; x_wconf 88' lang='lat' dir='ltr'>in</span> <span class='ocrx_word' id='word_1_221' title='bbox 407 1452 512 1512; x_wconf 87' lang='lat' dir='ltr'>ipsis</span> <span class='ocrx_word' id='word_1_222' title='bbox 540 1453 709 1498; x_wconf 77' lang='lat' dir='ltr'>vocibus</span> <span class='ocrx_word' id='word_1_223' title='bbox 748 1451 971 1510; x_wconf 59' lang='lat' dir='ltr'>(lathi-1»</span> <span class='ocrx_word' id='word_1_224' title='bbox 997 1468 1075 1514; x_wconf 89' lang='lat' dir='ltr'>pro</span> <span class='ocrx_word' id='word_1_225' title='bbox 1106 1457 1197 1511; x_wconf 90' lang='lat' dir='ltr'>est,</span> <span class='ocrx_word' id='word_1_226' title='bbox 1224 1457 1256 1498; x_wconf 73' lang='grc'><strong>0</strong></span> <span class='ocrx_word' id='word_1_227' title='bbox 1282 1468 1358 1515; x_wconf 90' lang='lat' dir='ltr'>pro</span> <span class='ocrx_word' id='word_1_228' title='bbox 1388 1467 1499 1511; x_wconf 89' lang='lat' dir='ltr'>con,</span> <span class='ocrx_word' id='word_1_229' title='bbox 1529 1452 1578 1509; x_wconf 71' lang='grc'>’4</span> <span class='ocrx_word' id='word_1_230' title='bbox 1604 1466 1680 1515; x_wconf 92' lang='lat' dir='ltr'>pro</span> <span class='ocrx_word' id='word_1_231' title='bbox 1709 1466 1815 1498; x_wconf 87' lang='lat' dir='ltr'>rum</span> <span class='ocrx_word' id='word_1_232' title='bbox 1843 1456 1922 1495; x_wconf 86' lang='lat' dir='ltr'>etc.</span> <span class='ocrx_word' id='word_1_233' title='bbox 1976 1449 2168 1511; x_wconf 84' lang='lat' dir='ltr'>Litterae</span> <span class='ocrx_word' id='word_1_234' title='bbox 2196 1451 2374 1509; x_wconf 84' lang='lat' dir='ltr'>majores</span> <span class='ocrx_word' id='word_1_235' title='bbox 2390 1452 2521 1496; x_wconf 86' lang='lat' dir='ltr'>mino-</span> 
     </span>
     <span class='ocr_line' id='line_1_19' title="bbox 147 1518 2517 1582; baseline 0 -19"><span class='ocrx_word' id='word_1_236' title='bbox 147 1518 262 1563; x_wconf 72' lang='lat' dir='ltr'>ribus</span> <span class='ocrx_word' id='word_1_237' title='bbox 299 1520 456 1578; x_wconf 89' lang='lat' dir='ltr'>passim</span> <span class='ocrx_word' id='word_1_238' title='bbox 495 1519 717 1576; x_wconf 85' lang='lat' dir='ltr'>immixtae,</span> <span class='ocrx_word' id='word_1_239' title='bbox 744 1519 794 1564; x_wconf 74' lang='lat' dir='ltr'>M</span> <span class='ocrx_word' id='word_1_240' title='bbox 820 1521 1041 1582; x_wconf 75' lang='lat' dir='ltr'>praecipue</span> <span class='ocrx_word' id='word_1_241' title='bbox 1078 1526 1121 1565; x_wconf 90' lang='lat' dir='ltr'>et</span> <span class='ocrx_word' id='word_1_242' title='bbox 1147 1521 1191 1565; x_wconf 81' lang='lat' dir='ltr'>R</span> <span class='ocrx_word' id='word_1_243' title='bbox 1216 1520 1463 1582; x_wconf 66' lang='lat' dir='ltr'>(impaR);</span> <span class='ocrx_word' id='word_1_244' title='bbox 1492 1522 1651 1565; x_wconf 86' lang='lat' dir='ltr'>numeri</span> <span class='ocrx_word' id='word_1_245' title='bbox 1679 1522 1813 1580; x_wconf 90' lang='lat' dir='ltr'>signis</span> <span class='ocrx_word' id='word_1_246' title='bbox 1842 1520 2043 1564; x_wconf 88' lang='lat' dir='ltr'>interdum</span> <span class='ocrx_word' id='word_1_247' title='bbox 2072 1520 2264 1579; x_wconf 76' lang='lat' dir='ltr'>expressi</span> <span class='ocrx_word' id='word_1_248' title='bbox 2291 1523 2425 1576; x_wconf 53' lang='lat'><strong>(158.</strong></span> <span class='ocrx_word' id='word_1_249' title='bbox 2455 1519 2517 1564; x_wconf 82' lang='lat' dir='ltr'>Si</span> 
     </span>
     <span class='ocr_line' id='line_1_20' title="bbox 145 1584 2520 1647; baseline 0.001 -19"><span class='ocrx_word' id='word_1_250' title='bbox 145 1584 572 1645; x_wconf 74' lang='lat' dir='ltr'>quadringentis</span> <span class='ocrx_word' id='word_1_251' title='bbox 601 1586 677 1633; x_wconf 83' lang='lat' dir='ltr'>vl.</span> <span class='ocrx_word' id='word_1_252' title='bbox 704 1586 800 1636; x_wconf 84' lang='lat' dir='ltr'><strong>vll.</strong></span> <span class='ocrx_word' id='word_1_253' title='bbox 829 1588 973 1632; x_wconf 91' lang='lat' dir='ltr'>milia</span> <span class='ocrx_word' id='word_1_254' title='bbox 1001 1588 1224 1645; x_wconf 81' lang='lat' dir='ltr'>desunt).</span> <span class='ocrx_word' id='word_1_255' title='bbox 1279 1588 1330 1633; x_wconf 89' lang='lat' dir='ltr'>In</span> <span class='ocrx_word' id='word_1_256' title='bbox 1359 1589 1687 1633; x_wconf 77' lang='lat' dir='ltr'>distinctionibus</span> <span class='ocrx_word' id='word_1_257' title='bbox 1714 1594 1881 1647; x_wconf 88' lang='lat' dir='ltr'>praeter</span> <span class='ocrx_word' id='word_1_258' title='bbox 1907 1592 2094 1647; x_wconf 85' lang='lat' dir='ltr'>punctum</span> <span class='ocrx_word' id='word_1_259' title='bbox 2122 1588 2253 1645; x_wconf 86' lang='lat' dir='ltr'>majus</span> <span class='ocrx_word' id='word_1_260' title='bbox 2274 1588 2460 1631; x_wconf 84' lang='lat' dir='ltr'>etminus</span> <span class='ocrx_word' id='word_1_261' title='bbox 2476 1592 2520 1631; x_wconf 90' lang='lat' dir='ltr'>et</span> 
     </span>
     <span class='ocr_line' id='line_1_21' title="bbox 147 1652 2518 1716; baseline 0.001 -20"><span class='ocrx_word' id='word_1_262' title='bbox 147 1652 340 1697; x_wconf 80' lang='lat' dir='ltr'>usitatum</span> <span class='ocrx_word' id='word_1_263' title='bbox 367 1653 654 1714; x_wconf 86' lang='lat' dir='ltr'>interrogandi</span> <span class='ocrx_word' id='word_1_264' title='bbox 682 1655 845 1714; x_wconf 80' lang='lat' dir='ltr'>signnm</span> <span class='ocrx_word' id='word_1_265' title='bbox 872 1656 1023 1700; x_wconf 87' lang='lat' dir='ltr'>lineola</span> <span class='ocrx_word' id='word_1_266' title='bbox 1045 1656 1400 1716; x_wconf 73' lang='lat' dir='ltr'>perpendicularis</span> <span class='ocrx_word' id='word_1_267' title='bbox 1427 1657 1471 1700; x_wconf 90' lang='lat' dir='ltr'>in</span> <span class='ocrx_word' id='word_1_268' title='bbox 1490 1655 1623 1699; x_wconf 90' lang='lat' dir='ltr'>medio</span> <span class='ocrx_word' id='word_1_269' title='bbox 1641 1661 1683 1699; x_wconf 90' lang='lat' dir='ltr'>et</span> <span class='ocrx_word' id='word_1_270' title='bbox 1697 1655 1779 1699; x_wconf 83' lang='lat' dir='ltr'>fine</span> <span class='ocrx_word' id='word_1_271' title='bbox 1794 1669 1982 1699; x_wconf 84' lang='lat' dir='ltr'>versuum</span> <span class='ocrx_word' id='word_1_272' title='bbox 1996 1668 2071 1714; x_wconf 85' lang='lat' dir='ltr'>pro</span> <span class='ocrx_word' id='word_1_273' title='bbox 2088 1659 2291 1697; x_wconf 50' lang='lat' dir='ltr'>commate.</span> <span class='ocrx_word' id='word_1_274' title='bbox 2298 1659 2518 1713; x_wconf 85' lang='lat' dir='ltr'>usurpatur</span> 
     </span>
     <span class='ocr_line' id='line_1_22' title="bbox 147 1719 2518 1782; baseline 0.001 -19"><span class='ocrx_word' id='word_1_275' title='bbox 147 1719 293 1778; x_wconf 82' lang='lat' dir='ltr'>(quid</span> <span class='ocrx_word' id='word_1_276' title='bbox 320 1729 534 1781; x_wconf 63' lang='lat' dir='ltr'>pauper!</span> <span class='ocrx_word' id='word_1_277' title='bbox 563 1722 692 1778; x_wconf 64' lang='lat' dir='ltr'>ridel</span> <span class='ocrx_word' id='word_1_278' title='bbox 709 1724 1150 1774; x_wconf 73' lang='lat' dir='ltr'>mutatcenaculal</span> <span class='ocrx_word' id='word_1_279' title='bbox 1169 1724 1387 1776; x_wconf 71' lang='lat' dir='ltr'>lectosfl).</span> <span class='ocrx_word' id='word_1_280' title='bbox 1443 1722 2118 1782; x_wconf 76' lang='lat' dir='ltr'>orthographiainplerisque</span> <span class='ocrx_word' id='word_1_281' title='bbox 2133 1722 2401 1778; x_wconf 72' lang='lat' dir='ltr'>antiquiorem</span> <span class='ocrx_word' id='word_1_282' title='bbox 2418 1735 2518 1765; x_wconf 92' lang='lat' dir='ltr'>con-</span> 
     </span>
     <span class='ocr_line' id='line_1_23' title="bbox 149 1787 2520 1850; baseline 0 -18"><span class='ocrx_word' id='word_1_283' title='bbox 149 1788 402 1840; x_wconf 77' lang='lat' dir='ltr'>suetudinem</span> <span class='ocrx_word' id='word_1_284' title='bbox 416 1795 568 1834; x_wconf 84' lang='lat' dir='ltr'>servat.</span> <span class='ocrx_word' id='word_1_285' title='bbox 599 1805 626 1849; x_wconf 92' lang='lat' dir='ltr'>p</span> <span class='ocrx_word' id='word_1_286' title='bbox 654 1791 764 1835; x_wconf 88' lang='lat' dir='ltr'>inter</span> <span class='ocrx_word' id='word_1_287' title='bbox 776 1805 859 1847; x_wconf 89' lang='lat' dir='ltr'>mn,</span> <span class='ocrx_word' id='word_1_288' title='bbox 888 1805 966 1847; x_wconf 83' lang='lat' dir='ltr'>ms,</span> <span class='ocrx_word' id='word_1_289' title='bbox 995 1796 1052 1835; x_wconf 91' lang='lat' dir='ltr'>mt</span> <span class='ocrx_word' id='word_1_290' title='bbox 1079 1791 1225 1850; x_wconf 80' lang='lat' dir='ltr'>ubique</span> <span class='ocrx_word' id='word_1_291' title='bbox 1252 1791 1462 1835; x_wconf 87' lang='lat' dir='ltr'>insertum.</span> <span class='ocrx_word' id='word_1_292' title='bbox 1519 1789 1671 1835; x_wconf 83' lang='lat' dir='ltr'>Lectio</span> <span class='ocrx_word' id='word_1_293' title='bbox 1687 1790 1807 1848; x_wconf 88' lang='lat' dir='ltr'>hujus</span> <span class='ocrx_word' id='word_1_294' title='bbox 1824 1788 1978 1833; x_wconf 88' lang='lat' dir='ltr'>codicis</span> <span class='ocrx_word' id='word_1_295' title='bbox 1996 1802 2020 1833; x_wconf 90' lang='lat' dir='ltr'>e</span> <span class='ocrx_word' id='word_1_296' title='bbox 2033 1788 2137 1832; x_wconf 85' lang='lat' dir='ltr'>libro</span> <span class='ocrx_word' id='word_1_297' title='bbox 2153 1789 2258 1832; x_wconf 77' lang='lat' dir='ltr'>satis</span> <span class='ocrx_word' id='word_1_298' title='bbox 2273 1788 2383 1833; x_wconf 71' lang='lat' dir='ltr'>hono</span> <span class='ocrx_word' id='word_1_299' title='bbox 2399 1787 2520 1832; x_wconf 84' lang='lat' dir='ltr'>ducta</span> 
     </span>
     <span class='ocr_line' id='line_1_24' title="bbox 148 1850 2518 1916; baseline -0.001 -14"><span class='ocrx_word' id='word_1_300' title='bbox 148 1861 321 1916; x_wconf 80' lang='lat' dir='ltr'>propter</span> <span class='ocrx_word' id='word_1_301' title='bbox 345 1850 505 1901; x_wconf 76' lang='lat' dir='ltr'>librarii</span> <span class='ocrx_word' id='word_1_302' title='bbox 531 1857 727 1901; x_wconf 86' lang='lat' dir='ltr'>incuriam</span> <span class='ocrx_word' id='word_1_303' title='bbox 740 1857 962 1901; x_wconf 82' lang='lat' dir='ltr'>innumeris</span> <span class='ocrx_word' id='word_1_304' title='bbox 992 1858 1103 1901; x_wconf 83' lang='lat' dir='ltr'>vitiis</span> <span class='ocrx_word' id='word_1_305' title='bbox 1131 1857 1308 1914; x_wconf 81' lang='lat' dir='ltr'>laborat,</span> <span class='ocrx_word' id='word_1_306' title='bbox 1337 1859 1508 1902; x_wconf 77' lang='lat' dir='ltr'>vocibus</span> <span class='ocrx_word' id='word_1_307' title='bbox 1538 1858 1605 1901; x_wconf 82' lang='lat' dir='ltr'>vel</span> <span class='ocrx_word' id='word_1_308' title='bbox 1618 1859 1786 1902; x_wconf 85' lang='lat' dir='ltr'>omissis</span> <span class='ocrx_word' id='word_1_309' title='bbox 1805 1858 1871 1900; x_wconf 82' lang='lat' dir='ltr'>vel</span> <span class='ocrx_word' id='word_1_310' title='bbox 1891 1856 2157 1915; x_wconf 72' lang='lat' dir='ltr'>transpositis</span> <span class='ocrx_word' id='word_1_311' title='bbox 2173 1856 2241 1899; x_wconf 85' lang='lat' dir='ltr'>vel</span> <span class='ocrx_word' id='word_1_312' title='bbox 2255 1856 2518 1916; x_wconf 78' lang='lat' dir='ltr'>depravatis3</span> 
     </span>
     <span class='ocr_line' id='line_1_25' title="bbox 146 1923 2519 1983; baseline 0 -16"><span class='ocrx_word' id='word_1_313' title='bbox 146 1923 271 1968; x_wconf 72' lang='lat' dir='ltr'>multa</span> <span class='ocrx_word' id='word_1_314' title='bbox 305 1927 440 1967; x_wconf 81' lang='lat' dir='ltr'>tamen</span> <span class='ocrx_word' id='word_1_315' title='bbox 476 1924 622 1983; x_wconf 87' lang='lat' dir='ltr'>partim</span> <span class='ocrx_word' id='word_1_316' title='bbox 660 1925 710 1967; x_wconf 82' lang='lat' dir='ltr'>ab</span> <span class='ocrx_word' id='word_1_317' title='bbox 748 1924 913 1980; x_wconf 88' lang='lat' dir='ltr'>eadem,</span> <span class='ocrx_word' id='word_1_318' title='bbox 951 1927 1096 1983; x_wconf 88' lang='lat' dir='ltr'>partim</span> <span class='ocrx_word' id='word_1_319' title='bbox 1133 1926 1184 1968; x_wconf 80' lang='lat' dir='ltr'>ab</span> <span class='ocrx_word' id='word_1_320' title='bbox 1214 1926 1345 1968; x_wconf 69' lang='lat' dir='ltr'>altera</span> <span class='ocrx_word' id='word_1_321' title='bbox 1370 1939 1489 1968; x_wconf 86' lang='lat' dir='ltr'>manu</span> <span class='ocrx_word' id='word_1_322' title='bbox 1516 1924 1662 1968; x_wconf 78' lang='lat' dir='ltr'>menda</span> <span class='ocrx_word' id='word_1_323' title='bbox 1703 1930 1903 1977; x_wconf 80' lang='lat' dir='ltr'>correcta,</span> <span class='ocrx_word' id='word_1_324' title='bbox 1930 1938 2014 1967; x_wconf 89' lang='lat' dir='ltr'>non</span> <span class='ocrx_word' id='word_1_325' title='bbox 2041 1938 2139 1966; x_wconf 87' lang='lat' dir='ltr'>raro</span> <span class='ocrx_word' id='word_1_326' title='bbox 2170 1924 2293 1967; x_wconf 88' lang='lat' dir='ltr'>etiam</span> <span class='ocrx_word' id='word_1_327' title='bbox 2322 1923 2430 1968; x_wconf 87' lang='lat' dir='ltr'>aliae</span> <span class='ocrx_word' id='word_1_328' title='bbox 2457 1924 2519 1968; x_wconf 89' lang='lat' dir='ltr'>le·</span> 
     </span>
     <span class='ocr_line' id='line_1_26' title="bbox 150 1989 2516 2053; baseline 0 -18"><span class='ocrx_word' id='word_1_329' title='bbox 150 1991 309 2035; x_wconf 83' lang='lat' dir='ltr'>ctiones</span> <span class='ocrx_word' id='word_1_330' title='bbox 338 1990 585 2051; x_wconf 78' lang='lat' dir='ltr'>adscriptae.</span> <span class='ocrx_word' id='word_1_331' title='bbox 644 1991 731 2037; x_wconf 80' lang='lat' dir='ltr'>Th.</span> <span class='ocrx_word' id='word_1_332' title='bbox 771 1991 1071 2036; x_wconf 87' lang='lat' dir='ltr'>Schmidius</span> <span class='ocrx_word' id='word_1_333' title='bbox 1100 1998 1246 2037; x_wconf 85' lang='lat' dir='ltr'>noster</span> <span class='ocrx_word' id='word_1_334' title='bbox 1273 1992 1302 2036; x_wconf 90' lang='lat' dir='ltr'>l.</span> <span class='ocrx_word' id='word_1_335' title='bbox 1331 2007 1368 2036; x_wconf 91' lang='lat' dir='ltr'>c.</span> <span class='ocrx_word' id='word_1_336' title='bbox 1397 1990 1675 2051; x_wconf 74' lang='lat' dir='ltr'>Epistolarum</span> <span class='ocrx_word' id='word_1_337' title='bbox 1702 1990 1901 2035; x_wconf 88' lang='lat' dir='ltr'>lectiones</span> <span class='ocrx_word' id='word_1_338' title='bbox 1930 2005 1985 2034; x_wconf 90' lang='lat' dir='ltr'>ex</span> <span class='ocrx_word' id='word_1_339' title='bbox 2012 1991 2093 2034; x_wconf 89' lang='lat' dir='ltr'>hoc</span> <span class='ocrx_word' id='word_1_340' title='bbox 2121 1989 2263 2034; x_wconf 87' lang='lat' dir='ltr'>codice</span> <span class='ocrx_word' id='word_1_341' title='bbox 2293 1996 2516 2053; x_wconf 85' lang='lat' dir='ltr'>excerptas</span> 
     </span>
     <span class='ocr_line' id='line_1_27' title="bbox 147 2058 2517 2119; baseline 0.001 -17"><span class='ocrx_word' id='word_1_342' title='bbox 147 2058 350 2117; x_wconf 79' lang='lat' dir='ltr'>vulgavit3</span> <span class='ocrx_word' id='word_1_343' title='bbox 380 2058 455 2102; x_wconf 86' lang='lat' dir='ltr'>sed</span> <span class='ocrx_word' id='word_1_344' title='bbox 482 2059 754 2103; x_wconf 81' lang='lat' dir='ltr'>racematione</span> <span class='ocrx_word' id='word_1_345' title='bbox 784 2065 917 2103; x_wconf 82' lang='lat' dir='ltr'>tamen</span> <span class='ocrx_word' id='word_1_346' title='bbox 944 2074 1048 2119; x_wconf 84' lang='lat' dir='ltr'>opus</span> <span class='ocrx_word' id='word_1_347' title='bbox 1078 2065 1159 2115; x_wconf 87' lang='lat' dir='ltr'>est,</span> <span class='ocrx_word' id='word_1_348' title='bbox 1188 2074 1305 2118; x_wconf 85' lang='lat' dir='ltr'>quam</span> <span class='ocrx_word' id='word_1_349' title='bbox 1332 2074 1387 2102; x_wconf 91' lang='lat' dir='ltr'>ex</span> <span class='ocrx_word' id='word_1_350' title='bbox 1411 2073 1480 2116; x_wconf 88' lang='lat' dir='ltr'>gr.</span> <span class='ocrx_word' id='word_1_351' title='bbox 1510 2058 1563 2102; x_wconf 92' lang='lat' dir='ltr'>ad</span> <span class='ocrx_word' id='word_1_352' title='bbox 1591 2058 1626 2103; x_wconf 89' lang='lat' dir='ltr'>L</span> <span class='ocrx_word' id='word_1_353' title='bbox 1654 2058 1734 2117; x_wconf 90' lang='lat' dir='ltr'>Ep.</span> <span class='ocrx_word' id='word_1_354' title='bbox 1763 2062 1804 2101; x_wconf 89' lang='lat'>1.</span> <span class='ocrx_word' id='word_1_355' title='bbox 1831 2059 1898 2101; x_wconf 86' lang='lat' dir='ltr'>hic</span> <span class='ocrx_word' id='word_1_356' title='bbox 1925 2059 2199 2103; x_wconf 75' lang='lat' dir='ltr'>instituemus.</span> <span class='ocrx_word' id='word_1_357' title='bbox 2227 2072 2269 2102; x_wconf 87' lang='lat' dir='ltr'>v.</span> <span class='ocrx_word' id='word_1_358' title='bbox 2285 2062 2329 2103; x_wconf 74' lang='lat'>6.</span> <span class='ocrx_word' id='word_1_359' title='bbox 2358 2073 2517 2104; x_wconf 87' lang='lat' dir='ltr'>exor-</span> 
     </span>
     <span class='ocr_line' id='line_1_28' title="bbox 147 2125 2517 2185; baseline 0 -15"><span class='ocrx_word' id='word_1_360' title='bbox 147 2131 240 2170; x_wconf 85' lang='lat' dir='ltr'>net</span> <span class='ocrx_word' id='word_1_361' title='bbox 266 2125 365 2181; x_wconf 81' lang='lat' dir='ltr'>(sed</span> <span class='ocrx_word' id='word_1_362' title='bbox 391 2141 420 2170; x_wconf 91' lang='lat' dir='ltr'>n</span> <span class='ocrx_word' id='word_1_363' title='bbox 447 2125 645 2180; x_wconf 80' lang='lat' dir='ltr'>deletum)</span> <span class='ocrx_word' id='word_1_364' title='bbox 671 2129 715 2169; x_wconf 76' lang='grc'>9.</span> <span class='ocrx_word' id='word_1_365' title='bbox 743 2131 888 2185; x_wconf 90' lang='lat' dir='ltr'>peccet</span> <span class='ocrx_word' id='word_1_366' title='bbox 914 2127 967 2170; x_wconf 92' lang='lat' dir='ltr'>in</span> <span class='ocrx_word' id='word_1_367' title='bbox 996 2132 1233 2171; x_wconf 80' lang='lat' dir='ltr'>extremm.</span> <span class='ocrx_word' id='word_1_368' title='bbox 1262 2125 1360 2182; x_wconf 83' lang='lat' dir='ltr'>(sed</span> <span class='ocrx_word' id='word_1_369' title='bbox 1387 2125 1448 2169; x_wconf 87' lang='lat' dir='ltr'>ad</span> <span class='ocrx_word' id='word_1_370' title='bbox 1477 2127 1704 2185; x_wconf 88' lang='lat' dir='ltr'>superscr.)</span> <span class='ocrx_word' id='word_1_371' title='bbox 1731 2128 1802 2171; x_wconf 74' lang='lat'>⁸2.</span> <span class='ocrx_word' id='word_1_372' title='bbox 1831 2130 1897 2169; x_wconf 89' lang='lat' dir='ltr'>est</span> <span class='ocrx_word' id='word_1_373' title='bbox 1938 2125 2154 2183; x_wconf 86' lang='lat' dir='ltr'>quodam</span> <span class='ocrx_word' id='word_1_374' title='bbox 2181 2140 2243 2185; x_wconf 93' lang='lat' dir='ltr'>pr.</span> <span class='ocrx_word' id='word_1_375' title='bbox 2273 2126 2371 2181; x_wconf 86' lang='lat' dir='ltr'>(sed</span> <span class='ocrx_word' id='word_1_376' title='bbox 2399 2141 2517 2185; x_wconf 84' lang='lat' dir='ltr'>qua·</span> 
     </span>
     <span class='ocr_line' id='line_1_29' title="bbox 149 2191 2519 2254; baseline 0 -17"><span class='ocrx_word' id='word_1_377' title='bbox 149 2192 262 2238; x_wconf 88' lang='lat' dir='ltr'>dam</span> <span class='ocrx_word' id='word_1_378' title='bbox 291 2207 499 2253; x_wconf 88' lang='lat' dir='ltr'>superscr.</span> <span class='ocrx_word' id='word_1_379' title='bbox 529 2191 780 2254; x_wconf 85' lang='lat' dir='ltr'>quoddam</span> <span class='ocrx_word' id='word_1_380' title='bbox 808 2192 860 2237; x_wconf 85' lang='lat' dir='ltr'>ad</span> <span class='ocrx_word' id='word_1_381' title='bbox 888 2198 1042 2253; x_wconf 84' lang='lat' dir='ltr'>marg.)</span> <span class='ocrx_word' id='word_1_382' title='bbox 1069 2197 1140 2238; x_wconf 73' lang='lat'>40.</span> <span class='ocrx_word' id='word_1_383' title='bbox 1171 2194 1391 2254; x_wconf 86' lang='lat' dir='ltr'>patientem</span> <span class='ocrx_word' id='word_1_384' title='bbox 1419 2192 1782 2236; x_wconf 84' lang='lat' dir='ltr'>accommodet</span> <span class='ocrx_word' id='word_1_385' title='bbox 1810 2196 2044 2236; x_wconf 53' lang='lat' dir='ltr'>aurem-AG.</span> <span class='ocrx_word' id='word_1_386' title='bbox 2074 2193 2122 2236; x_wconf 91' lang='lat' dir='ltr'>si</span> <span class='ocrx_word' id='word_1_387' title='bbox 2149 2199 2297 2237; x_wconf 88' lang='lat' dir='ltr'>recte</span> <span class='ocrx_word' id='word_1_388' title='bbox 2325 2194 2519 2252; x_wconf 85' lang='lat' dir='ltr'>facias,</span> 
     </span>
     <span class='ocr_line' id='line_1_30' title="bbox 151 2259 2519 2321; baseline 0.002 -18"><span class='ocrx_word' id='word_1_389' title='bbox 151 2261 302 2305; x_wconf 89' lang='lat' dir='ltr'>sinon</span> <span class='ocrx_word' id='word_1_390' title='bbox 329 2259 407 2317; x_wconf 83' lang='lat' dir='ltr'>(ad</span> <span class='ocrx_word' id='word_1_391' title='bbox 433 2274 565 2321; x_wconf 77' lang='lat' dir='ltr'>marg.</span> <span class='ocrx_word' id='word_1_392' title='bbox 594 2260 703 2304; x_wconf 78' lang='lat' dir='ltr'>vel:</span> <span class='ocrx_word' id='word_1_393' title='bbox 735 2262 783 2303; x_wconf 89' lang='lat' dir='ltr'>si</span> <span class='ocrx_word' id='word_1_394' title='bbox 811 2262 995 2320; x_wconf 82' lang='lat' dir='ltr'>possis</span> <span class='ocrx_word' id='word_1_395' title='bbox 1039 2263 1214 2315; x_wconf 85' lang='lat' dir='ltr'>recte)</span> <span class='ocrx_word' id='word_1_396' title='bbox 1241 2264 1313 2307; x_wconf 74' lang='lat' dir='ltr'>m.</span> <span class='ocrx_word' id='word_1_397' title='bbox 1342 2266 1455 2319; x_wconf 85' lang='lat' dir='ltr'>aptat</span> <span class='ocrx_word' id='word_1_398' title='bbox 1481 2265 1710 2319; x_wconf 87' lang='lat' dir='ltr'>(superscr.</span> <span class='ocrx_word' id='word_1_399' title='bbox 1739 2260 1823 2304; x_wconf 81' lang='lat' dir='ltr'>vel</span> <span class='ocrx_word' id='word_1_400' title='bbox 1852 2264 2020 2321; x_wconf 88' lang='lat' dir='ltr'>optat)</span> <span class='ocrx_word' id='word_1_401' title='bbox 2046 2262 2116 2305; x_wconf 70' lang='lat'>98.</span> <span class='ocrx_word' id='word_1_402' title='bbox 2145 2275 2307 2320; x_wconf 91' lang='lat' dir='ltr'>prora</span> <span class='ocrx_word' id='word_1_403' title='bbox 2335 2262 2519 2308; x_wconf 75' lang='lat' dir='ltr'>triremis</span> 
     </span>
     <span class='ocr_line' id='line_1_31' title="bbox 149 2327 2519 2389; baseline 0.001 -17"><span class='ocrx_word' id='word_1_404' title='bbox 149 2330 385 2387; x_wconf 83' lang='lat' dir='ltr'>(superscr.</span> <span class='ocrx_word' id='word_1_405' title='bbox 422 2328 508 2373; x_wconf 82' lang='lat' dir='ltr'>vel</span> <span class='ocrx_word' id='word_1_406' title='bbox 550 2327 727 2387; x_wconf 80' lang='lat' dir='ltr'>priva)</span> <span class='ocrx_word' id='word_1_407' title='bbox 754 2330 826 2373; x_wconf 67' lang='grc' dir='ltr'>Οἵ.</span> <span class='ocrx_word' id='word_1_408' title='bbox 857 2343 963 2373; x_wconf 89' lang='lat' dir='ltr'>cum</span> <span class='ocrx_word' id='word_1_409' title='bbox 990 2334 1201 2388; x_wconf 90' lang='lat' dir='ltr'>punnat.</span> <span class='ocrx_word' id='word_1_410' title='bbox 1230 2328 1307 2386; x_wconf 87' lang='lat' dir='ltr'>(ad</span> <span class='ocrx_word' id='word_1_411' title='bbox 1335 2342 1466 2388; x_wconf 83' lang='lat' dir='ltr'>marg.</span> <span class='ocrx_word' id='word_1_412' title='bbox 1496 2342 1602 2373; x_wconf 85' lang='lat' dir='ltr'>cum</span> <span class='ocrx_word' id='word_1_413' title='bbox 1630 2327 1852 2389; x_wconf 87' lang='lat' dir='ltr'>pugnet)</span> <span class='ocrx_word' id='word_1_414' title='bbox 1883 2329 1979 2372; x_wconf 73' lang='lat'>104.</span> <span class='ocrx_word' id='word_1_415' title='bbox 2008 2341 2193 2387; x_wconf 85' lang='lat' dir='ltr'>unguem.</span> <span class='ocrx_word' id='word_1_416' title='bbox 2222 2331 2354 2386; x_wconf 72' lang='lat' dir='ltr'>angel</span> <span class='ocrx_word' id='word_1_417' title='bbox 2382 2329 2519 2376; x_wconf 83' lang='lat' dir='ltr'>adscr.</span> 
     </span>
     <span class='ocr_line' id='line_1_32' title="bbox 150 2395 2521 2457; baseline 0.002 -19"><span class='ocrx_word' id='word_1_418' title='bbox 150 2395 317 2453; x_wconf 85' lang='lat' dir='ltr'>antiqua</span> <span class='ocrx_word' id='word_1_419' title='bbox 342 2407 476 2441; x_wconf 74' lang='lat' dir='ltr'>manu.</span> <span class='ocrx_word' id='word_1_420' title='bbox 506 2396 605 2443; x_wconf 72' lang='lat'>10⁵.</span> <span class='ocrx_word' id='word_1_421' title='bbox 631 2395 764 2441; x_wconf 88' lang='lat' dir='ltr'>locus.</span> <span class='ocrx_word' id='word_1_422' title='bbox 795 2401 844 2440; x_wconf 89' lang='lat' dir='ltr'>te</span> <span class='ocrx_word' id='word_1_423' title='bbox 870 2397 1228 2457; x_wconf 87' lang='lat' dir='ltr'>respicientis</span> <span class='ocrx_word' id='word_1_424' title='bbox 1257 2420 1316 2430; x_wconf 91' lang='lat'>-</span> <span class='ocrx_word' id='word_1_425' title='bbox 1345 2397 1563 2456; x_wconf 83' lang='lat' dir='ltr'>sapiens</span> <span class='ocrx_word' id='word_1_426' title='bbox 1600 2396 1776 2440; x_wconf 88' lang='lat' dir='ltr'>omissus</span> <span class='ocrx_word' id='word_1_427' title='bbox 1804 2397 1847 2438; x_wconf 90' lang='lat' dir='ltr'>in</span> <span class='ocrx_word' id='word_1_428' title='bbox 1875 2400 2002 2451; x_wconf 86' lang='lat' dir='ltr'>textu,</span> <span class='ocrx_word' id='word_1_429' title='bbox 2029 2395 2082 2439; x_wconf 90' lang='lat' dir='ltr'>ad</span> <span class='ocrx_word' id='word_1_430' title='bbox 2108 2410 2241 2454; x_wconf 87' lang='lat' dir='ltr'>marg.</span> <span class='ocrx_word' id='word_1_431' title='bbox 2273 2397 2521 2457; x_wconf 84' lang='lat' dir='ltr'>adscriptus.</span> 
     </span>
    </p>
   </div>
   <div class='ocr_carea' id='block_1_5' title="bbox 146 2529 2528 3269">
    <p class='ocr_par' dir='ltr' id='par_1_5' title="bbox 146 2529 2528 3269">
     <span class='ocr_line' id='line_1_33' title="bbox 262 2529 2523 2595; baseline 0.003 -19"><span class='ocrx_word' id='word_1_432' title='bbox 262 2532 343 2586; x_wconf 72' lang='grc'>80)</span> <span class='ocrx_word' id='word_1_433' title='bbox 371 2529 613 2594; x_wconf 55' lang='lat' dir='ltr'>opha.</span> <span class='ocrx_word' id='word_1_434' title='bbox 672 2532 854 2579; x_wconf 82' lang='lat' dir='ltr'>Codex</span> <span class='ocrx_word' id='word_1_435' title='bbox 880 2536 926 2582; x_wconf 69' lang='grc' dir='ltr'>ὖ.</span> <span class='ocrx_word' id='word_1_436' title='bbox 954 2535 1318 2580; x_wconf 81' lang='lat' dir='ltr'>bibliothecae</span> <span class='ocrx_word' id='word_1_437' title='bbox 1337 2535 1559 2579; x_wconf 87' lang='lat' dir='ltr'>Ducalis</span> <span class='ocrx_word' id='word_1_438' title='bbox 1580 2533 2072 2592; x_wconf 78' lang='lat' dir='ltr'>Guelpherbytanae</span> <span class='ocrx_word' id='word_1_439' title='bbox 2103 2547 2217 2595; x_wconf 87' lang='lat' dir='ltr'>saec.</span> <span class='ocrx_word' id='word_1_440' title='bbox 2246 2534 2369 2581; x_wconf 85' lang='lat' dir='ltr'>xm.</span> <span class='ocrx_word' id='word_1_441' title='bbox 2398 2550 2523 2582; x_wconf 88' lang='lat' dir='ltr'>mem·</span> 
     </span>
     <span class='ocr_line' id='line_1_34' title="bbox 148 2599 2526 2664; baseline 0.004 -23"><span class='ocrx_word' id='word_1_442' title='bbox 148 2599 375 2642; x_wconf 83' lang='lat' dir='ltr'>branaceus</span> <span class='ocrx_word' id='word_1_443' title='bbox 403 2599 448 2652; x_wconf 80' lang='lat' dir='ltr'>in</span> <span class='ocrx_word' id='word_1_444' title='bbox 474 2601 549 2641; x_wconf 74' lang='lat' dir='ltr'>svo</span> <span class='ocrx_word' id='word_1_445' title='bbox 577 2601 670 2658; x_wconf 85' lang='lat' dir='ltr'>maj.</span> <span class='ocrx_word' id='word_1_446' title='bbox 698 2602 809 2659; x_wconf 83' lang='lat' dir='ltr'>sign.</span> <span class='ocrx_word' id='word_1_447' title='bbox 838 2603 917 2646; x_wconf 81' lang='grc' dir='ltr'>Νι.</span> <span class='ocrx_word' id='word_1_448' title='bbox 944 2606 1020 2649; x_wconf 72' lang='grc'>50.</span> <span class='ocrx_word' id='word_1_449' title='bbox 1046 2606 1088 2647; x_wconf 73' lang='lat'>4.</span> <span class='ocrx_word' id='word_1_450' title='bbox 1117 2605 1232 2647; x_wconf 84' lang='lat' dir='ltr'>cuius</span> <span class='ocrx_word' id='word_1_451' title='bbox 1260 2605 1446 2647; x_wconf 85' lang='lat' dir='ltr'>notitiam</span> <span class='ocrx_word' id='word_1_452' title='bbox 1474 2619 1513 2647; x_wconf 80' lang='lat' dir='ltr'>v.</span> <span class='ocrx_word' id='word_1_453' title='bbox 1544 2618 1610 2662; x_wconf 89' lang='lat' dir='ltr'>ap.</span> <span class='ocrx_word' id='word_1_454' title='bbox 1639 2603 1829 2646; x_wconf 85' lang='lat' dir='ltr'>Ebertum</span> <span class='ocrx_word' id='word_1_455' title='bbox 1857 2599 2049 2645; x_wconf 86' lang='lat' dir='ltr'>inCatal.</span> <span class='ocrx_word' id='word_1_456' title='bbox 2077 2618 2143 2645; x_wconf 91' lang='lat' dir='ltr'>nr.</span> <span class='ocrx_word' id='word_1_457' title='bbox 2160 2603 2264 2649; x_wconf 74' lang='lat'>441.</span> <span class='ocrx_word' id='word_1_458' title='bbox 2321 2603 2406 2649; x_wconf 84' lang='lat' dir='ltr'>Hic</span> <span class='ocrx_word' id='word_1_459' title='bbox 2419 2605 2526 2664; x_wconf 68' lang='lat' dir='ltr'>liher</span> 
     </span>
     <span class='ocr_line' id='line_1_35' title="bbox 149 2666 2523 2730; baseline 0.003 -21"><span class='ocrx_word' id='word_1_460' title='bbox 149 2666 264 2710; x_wconf 89' lang='lat' dir='ltr'>corio</span> <span class='ocrx_word' id='word_1_461' title='bbox 301 2666 423 2725; x_wconf 85' lang='lat' dir='ltr'>nigro</span> <span class='ocrx_word' id='word_1_462' title='bbox 462 2666 656 2711; x_wconf 82' lang='lat' dir='ltr'>obductus</span> <span class='ocrx_word' id='word_1_463' title='bbox 686 2676 729 2711; x_wconf 87' lang='lat' dir='ltr'>et</span> <span class='ocrx_word' id='word_1_464' title='bbox 755 2669 859 2712; x_wconf 71' lang='lat' dir='ltr'>hene</span> <span class='ocrx_word' id='word_1_465' title='bbox 883 2669 1047 2713; x_wconf 71' lang='lat' dir='ltr'>habitus</span> <span class='ocrx_word' id='word_1_466' title='bbox 1073 2671 1118 2714; x_wconf 90' lang='lat' dir='ltr'>in</span> <span class='ocrx_word' id='word_1_467' title='bbox 1145 2670 1349 2715; x_wconf 74' lang='lat' dir='ltr'>volumine</span> <span class='ocrx_word' id='word_1_468' title='bbox 1377 2671 1482 2716; x_wconf 86' lang='lat' dir='ltr'>satis</span> <span class='ocrx_word' id='word_1_469' title='bbox 1512 2670 1643 2730; x_wconf 88' lang='lat' dir='ltr'>amplo</span> <span class='ocrx_word' id='word_1_470' title='bbox 1680 2675 1842 2730; x_wconf 86' lang='lat' dir='ltr'>praeter</span> <span class='ocrx_word' id='word_1_471' title='bbox 1868 2667 1950 2711; x_wconf 87' lang='lat' dir='ltr'>alia</span> <span class='ocrx_word' id='word_1_472' title='bbox 1977 2668 2134 2727; x_wconf 83' lang='lat' dir='ltr'>scripta</span> <span class='ocrx_word' id='word_1_473' title='bbox 2172 2670 2416 2716; x_wconf 81' lang='lat' dir='ltr'>obscuriora</span> <span class='ocrx_word' id='word_1_474' title='bbox 2445 2672 2523 2717; x_wconf 90' lang='lat' dir='ltr'>Sa·</span> 
     </span>
     <span class='ocr_line' id='line_1_36' title="bbox 149 2732 2523 2795; baseline 0.004 -19"><span class='ocrx_word' id='word_1_475' title='bbox 149 2732 263 2777; x_wconf 82' lang='lat' dir='ltr'>lustii</span> <span class='ocrx_word' id='word_1_476' title='bbox 302 2746 432 2793; x_wconf 81' lang='lat' dir='ltr'>opera</span> <span class='ocrx_word' id='word_1_477' title='bbox 469 2735 650 2777; x_wconf 87' lang='lat' dir='ltr'>continet</span> <span class='ocrx_word' id='word_1_478' title='bbox 686 2738 730 2777; x_wconf 90' lang='lat' dir='ltr'>et</span> <span class='ocrx_word' id='word_1_479' title='bbox 765 2734 980 2778; x_wconf 84' lang='lat' dir='ltr'>Horatii</span> <span class='ocrx_word' id='word_1_480' title='bbox 1016 2735 1198 2779; x_wconf 77' lang='lat' dir='ltr'>Artem</span> <span class='ocrx_word' id='word_1_481' title='bbox 1240 2738 1505 2795; x_wconf 88' lang='lat' dir='ltr'>poeticam</span> <span class='ocrx_word' id='word_1_482' title='bbox 1540 2738 1586 2780; x_wconf 84' lang='lat' dir='ltr'>in</span> <span class='ocrx_word' id='word_1_483' title='bbox 1619 2739 1689 2782; x_wconf 70' lang='lat' dir='ltr'>u.</span> <span class='ocrx_word' id='word_1_484' title='bbox 1722 2737 1835 2780; x_wconf 82' lang='lat' dir='ltr'>foliis</span> <span class='ocrx_word' id='word_1_485' title='bbox 1872 2735 2086 2779; x_wconf 78' lang='lat' dir='ltr'>laxissime</span> <span class='ocrx_word' id='word_1_486' title='bbox 2124 2751 2175 2781; x_wconf 84' lang='lat' dir='ltr'>ac</span> <span class='ocrx_word' id='word_1_487' title='bbox 2202 2739 2523 2785; x_wconf 78' lang='lat' dir='ltr'>luculentissime</span> 
     </span>
     <span class='ocr_line' id='line_1_37' title="bbox 150 2796 2525 2864; baseline 0.003 -19"><span class='ocrx_word' id='word_1_488' title='bbox 150 2800 370 2860; x_wconf 78' lang='lat' dir='ltr'>scriptam,</span> <span class='ocrx_word' id='word_1_489' title='bbox 407 2805 452 2845; x_wconf 87' lang='lat' dir='ltr'>ut</span> <span class='ocrx_word' id='word_1_490' title='bbox 488 2801 640 2859; x_wconf 77' lang='lat' dir='ltr'>singuli</span> <span class='ocrx_word' id='word_1_491' title='bbox 677 2815 825 2844; x_wconf 85' lang='lat' dir='ltr'>versus</span> <span class='ocrx_word' id='word_1_492' title='bbox 864 2801 966 2844; x_wconf 84' lang='lat' dir='ltr'>duas</span> <span class='ocrx_word' id='word_1_493' title='bbox 1004 2801 1137 2845; x_wconf 89' lang='lat' dir='ltr'>lineas</span> <span class='ocrx_word' id='word_1_494' title='bbox 1167 2809 1368 2862; x_wconf 78' lang='lat' dir='ltr'>occupent</span> <span class='ocrx_word' id='word_1_495' title='bbox 1394 2808 1439 2847; x_wconf 91' lang='lat' dir='ltr'>et</span> <span class='ocrx_word' id='word_1_496' title='bbox 1465 2804 1656 2863; x_wconf 80' lang='lat' dir='ltr'>singulae</span> <span class='ocrx_word' id='word_1_497' title='bbox 1683 2804 1857 2864; x_wconf 86' lang='lat' dir='ltr'>paginae</span> <span class='ocrx_word' id='word_1_498' title='bbox 1886 2808 2082 2862; x_wconf 87' lang='lat' dir='ltr'>septenos</span> <span class='ocrx_word' id='word_1_499' title='bbox 2109 2819 2260 2850; x_wconf 82' lang='lat' dir='ltr'>versus</span> <span class='ocrx_word' id='word_1_500' title='bbox 2289 2796 2525 2853; x_wconf 78' lang='lat' dir='ltr'>contineant</span> 
     </span>
     <span class='ocr_line' id='line_1_38' title="bbox 149 2865 2524 2931; baseline 0.004 -20"><span class='ocrx_word' id='word_1_501' title='bbox 149 2867 329 2928; x_wconf 80' lang='lat' dir='ltr'>scriptos</span> <span class='ocrx_word' id='word_1_502' title='bbox 367 2868 476 2916; x_wconf 76' lang='lat' dir='ltr'>inter</span> <span class='ocrx_word' id='word_1_503' title='bbox 511 2867 643 2912; x_wconf 84' lang='lat' dir='ltr'>lineas</span> <span class='ocrx_word' id='word_1_504' title='bbox 684 2868 728 2911; x_wconf 90' lang='lat' dir='ltr'>in</span> <span class='ocrx_word' id='word_1_505' title='bbox 765 2868 905 2928; x_wconf 88' lang='lat' dir='ltr'>priore</span> <span class='ocrx_word' id='word_1_506' title='bbox 948 2868 1042 2912; x_wconf 77' lang='lat' dir='ltr'>libri</span> <span class='ocrx_word' id='word_1_507' title='bbox 1069 2874 1187 2928; x_wconf 87' lang='lat' dir='ltr'>parte</span> <span class='ocrx_word' id='word_1_508' title='bbox 1216 2883 1405 2925; x_wconf 87' lang='lat' dir='ltr'>cerussa,</span> <span class='ocrx_word' id='word_1_509' title='bbox 1433 2871 1479 2914; x_wconf 91' lang='lat' dir='ltr'>in</span> <span class='ocrx_word' id='word_1_510' title='bbox 1507 2871 1640 2915; x_wconf 80' lang='lat' dir='ltr'>altera</span> <span class='ocrx_word' id='word_1_511' title='bbox 1666 2873 1869 2931; x_wconf 88' lang='lat' dir='ltr'>pigmento</span> <span class='ocrx_word' id='word_1_512' title='bbox 1899 2865 2050 2929; x_wconf 83' lang='lat' dir='ltr'>pallide</span> <span class='ocrx_word' id='word_1_513' title='bbox 2076 2871 2196 2916; x_wconf 80' lang='lat' dir='ltr'>fusco</span> <span class='ocrx_word' id='word_1_514' title='bbox 2225 2871 2386 2930; x_wconf 77' lang='lat' dir='ltr'>ductas,</span> <span class='ocrx_word' id='word_1_515' title='bbox 2413 2874 2524 2921; x_wconf 73' lang='lat' dir='ltr'>binis</span> 
     </span>
     <span class='ocr_line' id='line_1_39' title="bbox 147 2935 2525 3016; baseline 0.005 -39"><span class='ocrx_word' id='word_1_516' title='bbox 147 2935 347 2993; x_wconf 77' lang='lat' dir='ltr'>utrinqne</span> <span class='ocrx_word' id='word_1_517' title='bbox 373 2935 497 2984; x_wconf 66' lang='lat' dir='ltr'>lineis</span> <span class='ocrx_word' id='word_1_518' title='bbox 526 2935 944 2996; x_wconf 82' lang='lat' dir='ltr'>perpendicularibus</span> <span class='ocrx_word' id='word_1_519' title='bbox 956 2938 1210 2992; x_wconf 86' lang='lat' dir='ltr'>terminatas,</span> <span class='ocrx_word' id='word_1_520' title='bbox 1238 2941 1285 2979; x_wconf 92' lang='lat' dir='ltr'>ut</span> <span class='ocrx_word' id='word_1_521' title='bbox 1312 2937 1642 2994; x_wconf 83' lang='lat' dir='ltr'>amplissimum</span> <span class='ocrx_word' id='word_1_522' title='bbox 1628 2955 1673 2982; x_wconf 89' lang='grc' dir='ltr'>ιιι</span> <span class='ocrx_word' id='word_1_523' title='bbox 1701 2937 1906 2981; x_wconf 86' lang='lat' dir='ltr'>exteriore</span> <span class='ocrx_word' id='word_1_524' title='bbox 1934 2939 2121 2996; x_wconf 83' lang='lat' dir='ltr'>margine</span> <span class='ocrx_word' id='word_1_525' title='bbox 2150 2941 2324 3016; x_wconf 84' lang='lat' dir='ltr'>spatium</span> <span class='ocrx_word' id='word_1_526' title='bbox 2337 2941 2525 2988; x_wconf 80' lang='lat' dir='ltr'>relictum</span> 
     </span>
     <span class='ocr_line' id='line_1_40' title="bbox 148 2995 2526 3085; baseline 0.005 -39"><span class='ocrx_word' id='word_1_527' title='bbox 148 3003 219 3058; x_wconf 89' lang='lat' dir='ltr'>sit.</span> <span class='ocrx_word' id='word_1_528' title='bbox 272 2995 516 3063; x_wconf 59' lang='lat' dir='ltr'>Membrana</span> <span class='ocrx_word' id='word_1_529' title='bbox 551 3017 743 3063; x_wconf 83' lang='lat' dir='ltr'>perquam</span> <span class='ocrx_word' id='word_1_530' title='bbox 779 3018 923 3048; x_wconf 88' lang='lat' dir='ltr'>crassa</span> <span class='ocrx_word' id='word_1_531' title='bbox 962 3003 1143 3063; x_wconf 83' lang='lat' dir='ltr'>satisque</span> <span class='ocrx_word' id='word_1_532' title='bbox 1180 3002 1285 3049; x_wconf 77' lang='lat' dir='ltr'>alba.</span> <span class='ocrx_word' id='word_1_533' title='bbox 1345 3002 1489 3049; x_wconf 86' lang='lat' dir='ltr'>Prima</span> <span class='ocrx_word' id='word_1_534' title='bbox 1516 3004 1637 3051; x_wconf 76' lang='lat' dir='ltr'>Artis</span> <span class='ocrx_word' id='word_1_535' title='bbox 1675 3022 1715 3085; x_wconf 91' lang='lat' dir='ltr'>p.</span> <span class='ocrx_word' id='word_1_536' title='bbox 1752 3003 1889 3049; x_wconf 90' lang='lat' dir='ltr'>littera</span> <span class='ocrx_word' id='word_1_537' title='bbox 1924 3004 2047 3050; x_wconf 87' lang='lat' dir='ltr'>minio</span> <span class='ocrx_word' id='word_1_538' title='bbox 2076 3007 2286 3069; x_wconf 80' lang='lat' dir='ltr'>variisque</span> <span class='ocrx_word' id='word_1_539' title='bbox 2313 3009 2526 3057; x_wconf 76' lang='lat' dir='ltr'>coloribus</span> 
     </span>
     <span class='ocr_line' id='line_1_41' title="bbox 146 3069 2528 3149; baseline 0.004 -35"><span class='ocrx_word' id='word_1_540' title='bbox 146 3069 281 3149; x_wconf 70' lang='lat' dir='ltr'>picta.</span> <span class='ocrx_word' id='word_1_541' title='bbox 294 3076 376 3129; x_wconf 79' lang='lat' dir='ltr'>est.</span> <span class='ocrx_word' id='word_1_542' title='bbox 433 3069 612 3117; x_wconf 85' lang='lat' dir='ltr'>Glossae</span> <span class='ocrx_word' id='word_1_543' title='bbox 652 3077 696 3116; x_wconf 91' lang='lat' dir='ltr'>et</span> <span class='ocrx_word' id='word_1_544' title='bbox 732 3071 892 3116; x_wconf 83' lang='lat' dir='ltr'>scholia</span> <span class='ocrx_word' id='word_1_545' title='bbox 927 3070 1092 3128; x_wconf 85' lang='lat' dir='ltr'>eadem,</span> <span class='ocrx_word' id='word_1_546' title='bbox 1130 3076 1176 3116; x_wconf 93' lang='lat' dir='ltr'>ut</span> <span class='ocrx_word' id='word_1_547' title='bbox 1210 3071 1394 3127; x_wconf 76' lang='lat' dir='ltr'>videtur,</span> <span class='ocrx_word' id='word_1_548' title='bbox 1432 3086 1554 3118; x_wconf 83' lang='lat' dir='ltr'>manu</span> <span class='ocrx_word' id='word_1_549' title='bbox 1583 3089 1662 3134; x_wconf 89' lang='lat' dir='ltr'>qua</span> <span class='ocrx_word' id='word_1_550' title='bbox 1688 3073 1768 3134; x_wconf 89' lang='lat' dir='ltr'>ipsi</span> <span class='ocrx_word' id='word_1_551' title='bbox 1795 3087 1970 3128; x_wconf 82' lang='lat' dir='ltr'>versus,</span> <span class='ocrx_word' id='word_1_552' title='bbox 1998 3074 2107 3117; x_wconf 89' lang='lat' dir='ltr'>inter</span> <span class='ocrx_word' id='word_1_553' title='bbox 2133 3075 2269 3120; x_wconf 87' lang='lat' dir='ltr'>lineas</span> <span class='ocrx_word' id='word_1_554' title='bbox 2298 3080 2456 3139; x_wconf 75' lang='lat' dir='ltr'>scripta</span> <span class='ocrx_word' id='word_1_555' title='bbox 2482 3082 2528 3123; x_wconf 88' lang='lat' dir='ltr'>in</span> 
     </span>
     <span class='ocr_line' id='line_1_42' title="bbox 147 3120 2527 3205; baseline 0.004 -23"><span class='ocrx_word' id='word_1_556' title='bbox 147 3138 288 3197; x_wconf 83' lang='lat' dir='ltr'>priore</span> <span class='ocrx_word' id='word_1_557' title='bbox 325 3120 424 3188; x_wconf 63' lang='lat' dir='ltr'>libri</span> <span class='ocrx_word' id='word_1_558' title='bbox 461 3146 580 3199; x_wconf 86' lang='lat' dir='ltr'>parte</span> <span class='ocrx_word' id='word_1_559' title='bbox 609 3140 700 3183; x_wconf 84' lang='lat' dir='ltr'>fere</span> <span class='ocrx_word' id='word_1_560' title='bbox 729 3153 856 3197; x_wconf 88' lang='lat' dir='ltr'>usque</span> <span class='ocrx_word' id='word_1_561' title='bbox 886 3137 939 3182; x_wconf 85' lang='lat' dir='ltr'>ad</span> <span class='ocrx_word' id='word_1_562' title='bbox 965 3154 1007 3184; x_wconf 78' lang='lat' dir='ltr'>v.</span> <span class='ocrx_word' id='word_1_563' title='bbox 1033 3141 1147 3197; x_wconf 76' lang='lat'>200,</span> <span class='ocrx_word' id='word_1_564' title='bbox 1186 3140 1230 3184; x_wconf 90' lang='lat' dir='ltr'>in</span> <span class='ocrx_word' id='word_1_565' title='bbox 1258 3140 1389 3184; x_wconf 78' lang='lat' dir='ltr'>altera</span> <span class='ocrx_word' id='word_1_566' title='bbox 1426 3139 1633 3187; x_wconf 69' lang='lat' dir='ltr'>deficiunt.</span> <span class='ocrx_word' id='word_1_567' title='bbox 1689 3140 1889 3185; x_wconf 72' lang='lat' dir='ltr'>versuum</span> <span class='ocrx_word' id='word_1_568' title='bbox 1919 3142 2078 3187; x_wconf 83' lang='lat' dir='ltr'>numeri</span> <span class='ocrx_word' id='word_1_569' title='bbox 2105 3143 2152 3188; x_wconf 88' lang='lat' dir='ltr'>in</span> <span class='ocrx_word' id='word_1_570' title='bbox 2180 3143 2339 3190; x_wconf 72' lang='lat' dir='ltr'>decimo</span> <span class='ocrx_word' id='word_1_571' title='bbox 2369 3160 2527 3205; x_wconf 88' lang='lat' dir='ltr'>quoque</span> 
     </span>
     <span class='ocr_line' id='line_1_43' title="bbox 148 3206 2525 3269; baseline 0.005 -20"><span class='ocrx_word' id='word_1_572' title='bbox 148 3220 273 3250; x_wconf 84' lang='lat' dir='ltr'>versu</span> <span class='ocrx_word' id='word_1_573' title='bbox 301 3220 328 3252; x_wconf 82' lang='lat' dir='ltr'>a</span> <span class='ocrx_word' id='word_1_574' title='bbox 352 3207 398 3251; x_wconf 71' lang='grc' dir='ltr'>Ι.</span> <span class='ocrx_word' id='word_1_575' title='bbox 428 3221 481 3251; x_wconf 85' lang='grc' dir='ltr'>ιι.</span> <span class='ocrx_word' id='word_1_576' title='bbox 511 3206 723 3267; x_wconf 73' lang='lat' dir='ltr'>adscripu‘.</span> <span class='ocrx_word' id='word_1_577' title='bbox 778 3206 828 3251; x_wconf 93' lang='lat' dir='ltr'>In</span> <span class='ocrx_word' id='word_1_578' title='bbox 855 3207 985 3267; x_wconf 87' lang='lat' dir='ltr'>primo</span> <span class='ocrx_word' id='word_1_579' title='bbox 1014 3206 1116 3252; x_wconf 77' lang='lat' dir='ltr'>folio</span> <span class='ocrx_word' id='word_1_580' title='bbox 1144 3221 1250 3268; x_wconf 82' lang='lat' dir='ltr'>puro</span> <span class='ocrx_word' id='word_1_581' title='bbox 1281 3222 1433 3254; x_wconf 84' lang='lat' dir='ltr'>averso</span> <span class='ocrx_word' id='word_1_582' title='bbox 1473 3209 1648 3269; x_wconf 86' lang='lat' dir='ltr'>legitur.</span> <span class='ocrx_word' id='word_1_583' title='bbox 1693 3211 1780 3252; x_wconf 67' lang='lat' dir='ltr'>Lib.</span> <span class='ocrx_word' id='word_1_584' title='bbox 1812 3225 1847 3255; x_wconf 86' lang='grc' dir='ltr'>ι.</span> <span class='ocrx_word' id='word_1_585' title='bbox 1878 3211 2136 3260; x_wconf 55' lang='lat' dir='ltr'>mucules.</span> <span class='ocrx_word' id='word_1_586' title='bbox 2167 3215 2344 3258; x_wconf 74' lang='lat' dir='ltr'>I’oetrs‘s</span> <span class='ocrx_word' id='word_1_587' title='bbox 2373 3216 2525 3260; x_wconf 73' lang='lat' dir='ltr'>Oretii.</span> 
     </span>
    </p>
   </div>
   <div class='ocr_carea' id='block_1_6' title="bbox 2182 3293 2213 3335">
    <p class='ocr_par' dir='ltr' id='par_1_6' title="bbox 2182 3293 2213 3335">
     <span class='ocr_line' id='line_1_44' title="bbox 2182 3293 2213 3335; baseline 0 0"><span class='ocrx_word' id='word_1_588' title='bbox 2182 3293 2213 3335; x_wconf 68' lang='grc' dir='ltr'><strong>ὅ</strong></span> 
     </span>
    </p>
   </div>
  </div>
 </body>
</html>
