2737 3600
1298 163 1365 214 55

148 300 180 341 ὅ
196 320 242 331 -·
259 301 304 354 9,
332 301 404 342 82.
459 298 703 343 Membrana
737 298 859 356 huJus
898 296 1054 340 codicis
1093 298 1280 341 crassior
1305 299 1498 356 satisque
1527 299 1642 354 alba,
1686 299 1759 342 sed
1784 297 2025 356 inaequalis,
2053 298 2208 357 passim
2238 294 2449 340 sordidior
2477 300 2520 337 et

149 365 379 410 maculosa.
429 364 652 410 Columnae
681 379 873 407 versuum
903 364 1108 423 simplices
1138 365 1299 422 ubique,
1328 380 1523 423 nusquam
1552 367 1746 425 duplices.
1800 366 1964 410 Lineae
1975 371 2242 410 transversae
2269 377 2348 422 per
2373 374 2518 405 omnes

146 433 321 492 paginas
352 433 447 477 stilo
476 432 620 476 ductae
648 431 846 488 utrimque
874 431 983 476 binis
1011 432 1412 492 perpendicularibus
1441 435 1676 478 terminatae
1704 448 1851 478 versus
1865 434 1917 477 riu
1932 433 2106 493 singulis
2120 432 2284 493 paginis
2313 432 2370 473 21
2384 452 2442 484 ,-
2456 429 2517 471 28

146 498 239 543 fere
264 499 484 559 includunt.
539 498 821 542 Atramentum
850 511 874 540 e
902 499 1025 556 nigro
1063 500 1234 544 fuscum.
1289 500 1478 544 Litterae
1505 501 1684 544 initiales
1712 516 1903 544 versuum
1933 515 2075 543 omnes
2102 501 2265 557 nigrae,
2297 497 2374 540 sed
2402 497 2514 539 eclo-

149 580 293 625 garum
322 573 364 615 et
389 567 623 625 plerumque
652 564 857 608 titulorum
887 580 1058 623 quoque,
1087 568 1155 610 ubi
1183 567 1347 625 quidem
1368 574 1545 624 exstant,
1574 569 1697 612 minio
1726 570 1885 646 pictae,
1915 568 2092 611 admixto
2121 567 2277 626 passim
2301 566 2513 624 pigmento

148 632 319 691 quodam
348 636 564 690 argenteo,
592 636 637 675 ut
663 632 707 675 in
723 631 847 692 Lips.
875 635 915 678 2.
945 634 1097 694 passim
1126 635 1245 679 etiam
1273 636 1420 695 nigrae
1448 636 1627 680 initiales
1656 636 1779 680 minio
1800 635 1937 679 addito
1960 639 2143 681 ornatae.
2176 660 2228 668 —
2260 632 2442 677 Tituli
2469 631 2514 674 in

151 700 326 759 singulis
355 699 473 747 libris
510 700 778 760 superscripti
809 706 852 743 et
890 702 933 744 in
953 702 1110 761 eclogis
1138 703 1370 782 plerisque,
1401 704 1679 747 deficientibus
1709 703 1817 745 haud
1843 704 2011 762 paucis,
2039 702 2284 761 praesertim
2310 701 2356 743 in
2383 699 2515 758 primo

145 766 269 821 libro,
299 781 388 810 cum
402 768 714 824 antiquioribus,
745 767 896 814 Graev.
910 769 1032 813 Leid.
1045 770 1214 814 Mentel.
1229 773 1389 814 minime
1404 772 1664 825 conveniunt,
1695 771 1770 814 sed
1788 786 1876 813 cum
1895 770 2018 829 Lips.
2036 772 2083 825 8,
2114 784 2153 813 a.
2182 769 2241 812 ita
2258 767 2513 827 conspirant,

145 838 192 876 ut
218 847 273 877 ex
292 847 373 877 uno
401 833 560 878 fonte
547 849 592 879 ιιι
620 839 789 893 utroque
804 834 911 881 ducti
931 851 1026 882 esse
1045 837 1270 883 videantur.
1327 837 1397 881 Ex
1417 852 1481 896 gr.
1503 838 1602 881 Lib.
1620 836 1676 880 II.
1699 835 1751 890 Q.
1770 837 1992 880 Horatii
2007 834 2515 879 Flaccicarmiuum

146 899 245 943 Lib.
274 899 310 943 1.
339 901 563 960 explicit
590 902 752 959 (sinit.
785 903 912 960 Tur.)
940 904 1140 964 Incipit
1165 906 1284 949 Lib.
1301 905 1358 949 ΙΙ.
1385 905 1437 947 ad
1464 904 2047 947 Asinium‘Pollionem
2074 904 2414 945 consularem
2445 902 2512 943 vi·

147 981 265 1010 rum.
294 969 337 1009 2.
368 967 446 1010 Ad
476 967 721 1029 Crispum
751 964 1058 1017 Salustium.
1083 971 1221 1017 &Ad
1241 971 1492 1014 Bellium.-
1519 972 1564 1013 4.
1591 968 1672 1010 Ad
1697 969 1986 1012 Xanthiam
2015 969 2333 1026 Tralippam
2361 968 2515 1024 (Traf

146 1034 331 1094 liptam
360 1034 467 1081 Tur.
494 1051 577 1080 non
607 1038 959 1097 iatraliptam,
988 1044 1033 1081 ιιι
1050 1050 1114 1098 ap'.
1145 1039 1273 1082 Orell.
1302 1053 1343 1081 v.
1375 1052 1466 1095 sup.
1495 1051 1561 1080 nr.
1593 1036 1690 1088 48.)
1719 1035 1968 1079 ancillam
1998 1049 2173 1079 amare
2191 1034 2387 1078 crimen
2413 1048 2517 1077 non

147 1116 290 1145 esse.
310 1103 669 1163 (protreptice
697 1106 1017 1152 tetracolos.
1049 1105 1156 1150 Tur.
1178 1105 1336 1161 addit.).
1395 1103 1630 1148 Glossae
1646 1102 1756 1146 inter
1773 1102 1906 1146 lineas
1927 1106 1970 1145 et
1998 1101 2211 1146 scholia
2239 1100 2292 1144 ad
2309 1101 2518 1160 margines

146 1169 191 1213 in
207 1170 465 1228 paucissimis
481 1171 599 1216 modo
614 1172 779 1231 paginis
795 1176 976 1228 exstant,
991 1165 1110 1216 mauu
1125 1172 1304 1230 antiqua,
1324 1170 1394 1214 vel
1409 1169 1593 1229 ejusdem
1607 1169 1676 1212 vel
1691 1170 1946 1227 insequentis
1963 1169 2131 1212 saeculi.
2146 1192 2203 1201 —
2232 1169 2265 1211 S
2277 1170 2417 1227 cript
2427 1182 2452 1209 u
2462 1182 2485 1209 r
2495 1181 2522 1209 a

145 1238 266 1294 hujus
304 1238 457 1282 codicis
495 1241 640 1298 plana,
678 1240 906 1295 luculenta,
949 1241 1051 1283 satis
1082 1239 1254 1298 grandis
1284 1243 1326 1282 et
1354 1239 1466 1294 laxa,
1495 1237 1759 1281 minusculam
1786 1237 2015 1281 Romanam
2045 1237 2199 1282 saeculi
2226 1236 2281 1282 X.
2308 1250 2451 1296 puram
2481 1239 2525 1279 et

147 1304 388 1365 explicatam
425 1306 581 1363 refert,
618 1305 739 1366 paulo
776 1306 911 1365 magis
950 1306 1214 1365 angulosam,
1260 1318 1377 1363 quam
1415 1306 1459 1348 in
1501 1304 1591 1348 cod.
1619 1304 1787 1348 Morell.
1816 1318 1984 1362 quocum
2020 1305 2231 1364 plurimum
2259 1303 2521 1362 cognationis

146 1371 283 1416 habet.
337 1373 705 1433 Dipbthongorum*
724 1387 790 1428 ae,
820 1387 872 1416 oe
902 1387 989 1415 cum
1020 1375 1128 1431 siglo
1160 1388 1198 1416 ae
1227 1387 1328 1416 usus
1358 1367 1579 1429 frequens}
1610 1387 1686 1427 ae,
1718 1387 1778 1415 oe
1807 1388 1922 1431 proe
1940 1373 2097 1431 passim
2126 1371 2399 1430 (aequitat,
2430 1369 2519 1414 So-

145 1444 344 1494 ractae,
374 1445 558 1494 moeta,
587 1442 822 1492 foerox):
855 1440 930 1482 sed
959 1455 999 1494 e,
1030 1456 1058 1504 ρ
1086 1455 1162 1498 pro
1193 1455 1268 1495 ae,
1300 1455 1360 1483 oe
1388 1439 1635 1499 plerumque.
1665 1456 1681 1483 1
1709 1456 1851 1498 purum
1880 1440 2043 1498 ubique,
2073 1454 2158 1483 non
2186 1438 2204 1482 i
2230 1438 2298 1482 vel
2325 1439 2356 1484 i.
2386 1437 2412 1481 d
2439 1451 2523 1481 non

147 1504 197 1549 d:
226 1520 266 1561 r,
294 1520 378 1550 non
403 1519 450 1559 23
489 1521 541 1561 u,
579 1521 664 1550 non
700 1521 740 1549 v.
783 1506 806 1549 s
828 1505 996 1565 longum
1023 1507 1195 1565 ubique,
1237 1521 1258 1549 s
1297 1506 1340 1549 iu
1377 1506 1458 1549 fi'ne
1486 1520 1630 1549 vocum
1658 1507 1890 1562 rarissime,
1920 1506 2039 1550 modo
2071 1520 2160 1550 cum
2191 1506 2301 1565 siglo
2325 1507 2521 1563 junctum.

148 1571 308 1631 Sigla
343 1578 396 1616 et
432 1571 741 1630 compendia
779 1573 1059 1616 scribendi
1094 1588 1181 1617 non
1217 1573 1362 1616 multa:
1407 1572 1449 1616 G:
1477 1575 1700 1632 frequens,
1729 1575 1774 1618 in
1801 1575 1906 1633 ipsis
1938 1588 2096 1632 quoque
2125 1575 2295 1617 vocibus
2325 1572 2462 1628 (licd'c)
2492 1580 2526 1623 ὅ

144 1655 221 1699 pro
251 1644 335 1682 est
361 1640 617 1700 plerumque.
651 1650 707 1687 ·-:—›
736 1641 872 1684 rarius
902 1635 1050 1696 (bisin
1077 1641 1132 1683 A.
1146 1645 1278 1698 poet.)
1307 1640 1355 1697 l—
1383 1643 1703 1701 superscriptum
1731 1657 1808 1701 pro
1839 1643 1881 1686 h.
1909 1642 2282 1701 interpunctio
2311 1640 2413 1684 utin
2428 1639 2521 1686 cod.

144 1705 256 1752 Mor.
287 1734 340 1741 —
372 1707 779 1768 Orthographia
806 1722 999 1759 vocum,
1032 1708 1112 1752 etsi
1140 1709 1285 1752 crebro
1316 1708 1487 1766 vitiosa,
1513 1709 1664 1753 litteris
1695 1710 1711 1753 i
1742 1714 1785 1752 et
1811 1725 1857 1768 y,
1886 1709 1911 1752 b
1942 1713 1984 1752 et
2010 1724 2055 1770 p,
2084 1707 2111 1751 d
2139 1713 2182 1751 et
2208 1713 2396 1752 ttemere
2413 1709 2523 1751 inter

147 1789 195 1818 se
224 1777 475 1820 commutatis
514 1777 859 1836 (olimpicum,
888 1774 1091 1832 hiadas,
1120 1775 1340 1836 nimpha,
1369 1775 1503 1833 lira,
1534 1777 1775 1836 cythara,
1806 1776 1987 1836 sydus,
2014 1777 2352 1837 pipennibus,
2382 1775 2522 1819 Titi·

147 1843 279 1896 dem,
310 1843 530 1897 dodata,
568 1844 817 1898 Dracum,
845 1843 1096 1900 Dyndari
1134 1845 1258 1896 cett.)
1295 1844 1324 1885 h
1352 1848 1506 1886 temere
1535 1844 1673 1886 addito
1713 1845 1781 1886 vel
1808 1846 1964 1886 omisso
1995 1845 2303 1898 (Protheus,
2333 1844 2522 1899 Elena,

144 1909 363 1963 nothus)
392 1915 473 1954 tum
501 1910 771 1965 Affricus,
800 1909 1026 1969 Pelopis
1056 1913 1149 1953 cett
1179 1923 1256 1953 nec
1287 1910 1367 1954 sibi
1396 1913 1592 1954 constans
1621 1911 1667 1954 in
1694 1909 1846 1965 multis,
1877 1911 2081 1968 antiquum
2110 1915 2245 1955 tamen
2264 1924 2418 1955 morem
2432 1910 2518 1971 plc-

144 1990 309 2034 rumque
349 1981 509 2020 servat.
548 1976 823 2037 Juppiter,
876 1976 1090 2032 Ulixes,
1119 1976 1329 2019 Bachus
1367 1977 1657 2032 (Bacchus,
1703 1977 1936 2030 Baccus)
1975 1977 2211 2035 Apulus,
2247 1977 2518 2031 Mecenas,

145 2045 354 2103 praelia
383 2045 633 2103 (proelia)
669 2058 884 2099 caecus,
916 2045 1137 2098 caelum,
1165 2045 1377 2101 loetum,
1408 2050 1609 2099 cetera,
1640 2043 1707 2099 di,
1737 2042 1826 2098 dii,
1857 2042 1982 2098 diis,
2011 2044 2179 2099 belua,
2209 2044 2380 2101 pelex,
2410 2044 2516 2087 vul-

144 2126 257 2165 nus,
287 2111 410 2165 vult,
439 2112 647 2169 volgus,
677 2112 845 2166 (semel)
873 2112 1021 2167 litus,
1051 2112 1314 2169 quotiens,
1345 2107 1606 2169 quicquid,
1635 2111 1964 2168 nequiquam,
1994 2125 2515 2169 cumque,numquam‚

145 2193 386 2237 umquam,
414 2178 635 2239 hiemps,
664 2182 1158 2239 temptas,*emptus.
1184 2182 1280 2223 cett.
1312 2178 1406 2221 sed
1434 2178 1634 2234 damna,
1662 2178 1954 2231 redemtor3
1983 2179 2224 2234 inbellis,
2253 2179 2515 2238 inlapsus,

147 2247 432 2305 inligatus,
462 2246 775 2302 inmodicus,
804 2247 1027 2302 inmitis,
1056 2248 1352 2302 inmeritus,
1381 2246 1684 2305 inpavidus,
1704 2246 1965 2305 inpulsus,
1985 2246 2264 2305 inpressit,
2284 2247 2515 2325 inrupta,

147 2315 445 2371 inretorto,
474 2315 815 2371 conbiberet,
845 2315 1101 2368 conlatis;
1143 2314 1256 2359 sed
1244 2315 1565 2394 improvisa,
1595 2314 1937 2373 compositus;
1967 2314 2280 2374 compescit3
2309 2319 2392 2358 tum
2419 2315 2515 2358 ini·

149 2384 270 2437 ciat,
301 2348 564 2452 adiciant,
594 2384 828 2462 proicit3
866 2384 1130 2439 tristicia,
1161 2384 1425 2438 canicies,
1456 2383 1654 2438 exicio,
1684 2381 1948 2438 condicio,
1978 2381 2221 2439 diviciis,
2250 2388 2347 2428 cett.
2376 2383 2513 2426 Accu-

148 2451 270 2494 sativi
297 2436 443 2493 tertiae
472 2450 577 2496 decl.
604 2452 649 2494 in
675 2452 722 2494 is
754 2452 856 2495 satis
885 2451 1135 2508 frequentes.
1163 2474 1222 2483 —
1266 2450 1462 2494 Lectio
1492 2416 1654 2508 liujus²
1692 2449 1897 2492 codicis
1926 2463 1952 2491 a
1978 2449 2147 2493 librario
2185 2464 2327 2509 parum
2356 2451 2517 2496 erudito

143 2532 228 2561 non
257 2531 311 2560 ex
339 2517 489 2575 optimo
538 2518 762 2595 exemplari
790 2518 927 2574 ducta,
954 2519 1052 2562 licet
1079 2533 1106 2561 a
1134 2522 1339 2561 vetustate
1371 2517 1687 2573 commendetur,
1715 2531 1842 2576 prava
1869 2522 2003 2560 tamen
2031 2523 2074 2561 et
2099 2518 2252 2562 vitiosa
2264 2518 2374 2562 haud
2387 2532 2519 2578 pauca

145 2584 290 2640 habet,
328 2582 517 2627 versibus
552 2585 708 2643 passim
745 2586 854 2627 inter
891 2600 939 2628 se
979 2587 1176 2638 confusis>
1203 2599 1281 2628 nec
1309 2591 1424 2629 recte
1453 2586 1657 2629 distinctis
1687 2588 1749 2640 (ut
1774 2585 1808 2627 1.
1841 2584 1919 2629 od.
1949 2588 2018 2628 lo.
2048 2586 2268 2643 superis
2298 2584 2518 2630 deorum

146 2657 336 2711 gratus
375 2655 427 2694 et
464 2651 584 2694 imis
623 2652 804 2695 Aurea
841 2649 1060 2708 tui-bam)
1098 2653 1347 2710 vocibusque
1394 2654 1462 2697 vel
1499 2654 1664 2698 omissis
1703 2651 1768 2695 vel
1796 2651 2057 2710 transpositis
2086 2652 2154 2696 vel
2180 2652 2435 2714 depravatis,
2476 2659 2522 2696 ιι

144 2719 183 2762 1.
204 2719 281 2763 Od.
306 2721 351 2774 7,
382 2720 449 2762 18.
484 2719 585 2763 >Ac
614 2720 868 2772 tiburtini
895 2719 1049 2764 lucus
1080 2725 1133 2763 et
1160 2734 1426 2780 praeceps
1455 2722 1594 2766 Anio
1625 2726 1676 2764 et
1702 2718 1809 2763 uda.
1838 2718 1955 2762 Haec
1971 2718 2153 2763 Orellius
2181 2720 2236 2766 V.
2252 2720 2319 2765 cl.
2349 2720 2515 2767 inVar.

145 2786 238 2832 lect.
277 2787 509 2847 plerumque
538 2786 700 2830 silentio
729 2787 964 2846 praeteriit3
1002 2786 1078 2829 sed
1105 2781 1492 2847 iu-ottbog‘rapliiae
1525 2787 1788 2831 varietatibus
1816 2786 2006 2829 notandis
2035 2801 2120 2830 non
2148 2789 2252 2831 satis
2280 2794 2521 2833 constanter

147 2856 246 2912 egit.
305 2854 471 2899 Omissa
498 2853 691 2913 quaedam
719 2855 769 2898 ab
799 2869 849 2898 eo
878 2853 997 2898 modo
1027 2853 1080 2897 ad
1106 2853 1204 2899 Lib.
1234 2854 1270 2901 1.
1300 2854 1479 2899 odarum
1517 2855 1815 2915 supplebimus;
1853 2868 1945 2898 nam
1974 2855 2175 2913 ejusmodi
2204 2858 2520 2903 racemationem

139 2920 368 2965 instituere
399 2920 625 2966 taediosum
662 2937 762 2966 sane
800 2929 842 2965 et
879 2922 1083 2980 ingratum
1120 2923 1329 2981 negotium
1357 2927 1436 2966 est.
1465 2922 1502 2967 1.
1540 2923 1618 2967 0d.
1658 2925 1710 2977 1,
1736 2923 1807 2968 85.
1837 2924 2336 2969 memet—inseres.
2373 2928 2418 2981 2,
2447 2927 2519 2971 14.

150 2987 365 3033 tiberim
403 2990 669 3034 retbortis
711 2990 920 3033 flavum.
958 2991 1029 3035 18.
1059 2990 1300 3036 ultorum.
1327 2993 1400 3035 84.
1430 2991 1582 3035 circum
1610 2991 1733 3036 volat.
1760 2992 1903 3049 8,,19.
1933 2990 2209 3036 turbidum.
2239 2994 2310 3035 20.
2339 2993 2520 3037 aebro-

148 3058 399 3100 ceraunia
424 3060 495 3102 8².
530 3058 682 3102 Nihil
718 3063 866 3105 mort.
896 3057 1046 3101 ardui
1074 3063 1173 3105 est.
1200 3060 1246 3114 4,
1277 3061 1350 3107 19.
1377 3058 1609 3105 licidam.
1637 3062 1683 3115 7,
1713 3060 1781 3104 18.
1809 3058 1872 3116 (v.
1904 3062 2016 3118 sup.)
2047 3060 2115 3103 14.
2154 3061 2409 3120 pomeria.
2453 3065 2523 3108 1⁶.

148 3134 245 3164 nec
279 3127 541 3181 parturit.—
560 3128 630 3172 22.
669 3130 750 3170 ter
788 3125 900 3170 uda.
945 3128 992 3182 8,
1029 3126 1099 3171 15.
1134 3140 1197 3169 ne
1239 3124 1452 3173 viriles.
1501 3130 1583 3186 12,
1624 3128 1695 3171 18.
1725 3127 1990 3187 parentis.
2037 3130 2106 3172 18.
2140 3128 2214 3172 Ne
2251 3130 2422 3190 viget.
2451 3132 2524 3177 5⁶.

150 3185 366 3233 Sacrus.
391 3193 594 3249 14,'1a.·
621 3207 793 3253 genus
830 3192 1026 3238 inutile
1063 3207 1263 3240 nomen.
1294 3195 1374 3251 15,
1410 3197 1483 3238 21.
1519 3194 1819 3239 lartiadem.
1848 3197 1922 3250 21,
1951 3198 2025 3247 14.
2054 3210 2227 3240 caesare
2255 3199 2329 3252 (in
2372 3198 2524 3245 deest.)
