2737 3600
1333 150 1399 198 18

184 283 352 327 vocibus
381 285 514 329 rarius
532 288 797 329 commutatae
826 281 1043 341 (ymber,
1072 285 1278 341 tygres,
1307 282 1521 339 vicium)
1549 308 1606 317 —
1631 283 1821 328 Lectio
1851 285 1972 344 hujus
1991 286 2147 330 codicis
2162 286 2399 347 plerumque
2413 289 2558 347 proba,

184 351 347 396 sincera
375 358 417 397 et
444 352 672 408 emendata,
700 350 950 411 paucissima
976 349 1101 393 babet
1125 350 1229 394 vitia
1254 349 1549 410 negligentiae,
1580 357 1623 396 nt
1649 353 1692 396 in
1721 353 1880 413 optimis
1910 359 1953 398 et
1980 354 2278 416 limpidissimis
2302 354 2558 400 Horatiauae

181 419 390 475 lectionis*
409 423 591 482 fontibus
627 420 696 462 bic
723 418 830 462 liber
857 422 971 462 recte
998 423 1244 462 numeretur.
1300 418 1370 463 Ex
1396 420 1450 464 iis
1480 435 1581 479 quae
1608 422 1775 481 propria
1801 422 1940 479 habet,
1968 424 2163 468 nonnulla
2192 422 2379 468 afferam.
2410 423 2448 480 I,
2479 423 2558 468 od.

182 489 254 544 12,
281 491 352 533 21.
381 503 514 547 neque
543 493 585 531 te
613 484 941 541 transibo.‚1‚
972 484 1062 531 Sat.
1091 489 1134 542 1,
1165 488 1262 530 121.
1293 488 1458 531 verbum
1485 502 1565 533 non
1596 489 1764 549 amplius
1793 490 1967 534 ullum.
1995 493 2038 544 2,
2067 493 2139 537 24.
2167 492 2558 536 incontrariaten-

185 555 322 600 dunt.
349 559 421 601 88.
462 568 589 598 venas
619 553 858 597 inflabit.
886 556 938 609 4,
968 556 1065 598 109.
1095 554 1459 613 atqueBalbus
1488 557 1657 615 inops.
1686 558 1731 613 5,
1759 559 1831 601 54.
1853 556 2208 602 Contulerint
2234 559 2379 603 lites.
2405 562 2453 616 θ,
2487 562 2558 606 11.

182 624 363 667 multis
394 629 436 666 et
450 621 674 665 honoribus
694 626 849 664 auctos.
866 623 937 664 41.
966 636 1103 665 meus
1133 621 1262 680 quod
1291 628 1406 666 erat
1432 629 1599 683 pater.
1627 623 1790 667 II.Sat.
1813 627 1859 680 8,
1888 627 1959 669 48.
1989 624 2175 669 Insani
2194 641 2388 685 posuere.
2406 629 2453 682 8,
2481 628 2556 670 22.

180 705 308 749 quas
345 689 646 732 Maecenas.
686 687 721 731 1.
752 687 896 748 ngist.
930 691 1013 746 19,
1040 691 1113 733 89.
1147 690 1213 748 qui
1248 692 1481 751 pauperiem
1518 692 1752 751 fugiens.
1784 694 1864 747 11,
1901 694 1944 735 9.
1975 692 2278 738 obliviscendus
2308 699 2351 737 et
2390 694 2551 752 ipsis.

181 760 253 813 18,
283 759 355 801 91.
385 756 586 812 (Potores
601 757 726 800 bibuli
740 756 872 801 media
901 757 950 801 de
965 764 1084 802 nocte
1103 757 1306 812 Falerni.)
1334 759 1401 803 hic
1429 774 1469 805 v.
1501 759 1633 814 deest,
1664 764 1706 802 et
1733 759 1776 803 in
1807 759 1897 804 cod.
1925 760 2095 813 Μαι-911.
2123 761 2172 805 Ῑιι
2197 762 2322 821 Lips.
2355 765 2398 808 l.
2428 764 2473 808 2.
2503 762 2557 806 ad

181 824 407 883 marginem
423 823 666 884 adscriptus.
683 827 754 881 19,
785 827 853 869 12.
883 824 920 879 Q
932 840 957 869 ιι
969 839 993 869 o
1005 826 1031 869 d
1057 827 1095 869 si
1113 827 1216 884 quis.
1235 829 1306 870 24.
1336 841 1363 869 n
1375 840 1448 869 um
1459 840 1549 869 ero
1561 840 1582 869 s
1594 840 1654 884 qn
1665 840 1688 868 e
1718 828 1953 885 animosque
1969 834 2149 874 secutuS.
2166 829 2224 873 II.
2238 829 2376 888 Epist.
2391 831 2436 884 2,
2453 832 2554 872 1³8.

183 892 303 943 aliter
329 897 492 951 putet.
522 895 621 939 175.
650 892 735 937 Sed
764 894 890 950 quia·
921 894 1007 938 Ars
1035 901 1146 953 poet.
1174 896 1273 939 868.
1302 895 1419 938 vult
1446 895 1547 937 haec
1585 895 1659 937 sub
1687 893 1777 937 luce
1791 894 1941 941 videri.

297 1027 369 1083 18)
398 1026 581 1075 Dens.
613 1027 667 1074 ᾖ.
700 1027 882 1072 Codex
909 1031 950 1072 2.
981 1029 1347 1073 bibliothecae
1375 1028 1597 1072 Ducalis
1626 1028 2026 1073 Dessaviensis
2055 1030 2279 1073 membran.
2310 1031 2441 1073 insvo
2458 1032 2554 1088 maj.

180 1095 291 1154 sign.
328 1096 407 1141 ¹Nr.
435 1095 489 1139 B.
520 1111 666 1140 recens
703 1097 856 1155 ligatus
894 1098 1141 1156 tegumentis
1179 1098 1292 1140 corio
1330 1097 1451 1142 badio
1490 1096 1698 1150 obductis3
1735 1097 1839 1140 idem
1878 1106 1968 1154 est,
2009 1099 2126 1156 cujus
2164 1097 2411 1142 lectionibus
2431 1097 2460 1142 J
2471 1099 2558 1142 ani

182 1163 374 1222 (Proleg.
403 1178 444 1223 p.
472 1163 532 1218 X)
563 1172 606 1207 et
633 1164 903 1208 Obbarius
934 1165 1097 1219 (Praef.
1127 1164 1178 1207 ad
1207 1164 1342 1223 Epist.
1370 1180 1409 1223 p.
1439 1163 1562 1219 VII.)
1590 1165 1657 1208 usi
1687 1173 1793 1209 snut.
1821 1168 1879 1209 09
1923 1166 2027 1210 folia
2054 1166 2194 1221 habet,
2225 1179 2398 1224 quorum
2416 1165 2557 1209 ultima

180 1232 329 1289 viginti
357 1232 438 1274 situ
468 1236 511 1274 et
536 1231 749 1289 putredine
776 1232 923 1289 partim
953 1246 1097 1286 exesa,
1126 1235 1171 1274 ut
1199 1236 1333 1274 tamen
1361 1236 1496 1274 textus
1536 1232 1712 1274 maxima
1740 1247 1794 1274 ex
1820 1238 1936 1290 parte
1967 1238 2157 1277 servatus
2188 1233 2260 1277 sit.
2320 1232 2448 1276 Folia
2475 1247 2559 1276 non

182 1299 284 1343 satis
320 1298 427 1342 inter
471 1313 518 1342 se
548 1297 732 1356 aequalia
760 1296 945 1358 hispidas
976 1302 1019 1340 et
1046 1297 1214 1341 scabras
1243 1298 1395 1342 habent
1421 1298 1606 1354 frontes3
1635 1298 1866 1342 membrana
1895 1298 2102 1343 sordidior
2131 1301 2376 1359 omninoque
2404 1300 2560 1344 inculta

178 1367 303 1423 facie,
331 1367 375 1409 in
402 1366 542 1426 priore
570 1366 666 1408 libri
692 1370 810 1425 parte
840 1366 1026 1408 crassior
1055 1369 1137 1420 est,
1153 1366 1211 1407 'in
1239 1365 1369 1408 altera
1397 1366 1570 1408 tenuior.
1626 1365 1677 1408 In
1703 1367 1858 1423 primae
1886 1368 2088 1424 paginae,
2119 1382 2221 1424 quae
2251 1368 2397 1423 0d.1,
2430 1372 2453 1411 1
2471 1371 2559 1411 et2

180 1435 384 1488 continet,
423 1446 577 1476 summo
607 1433 794 1489 margine
822 1432 1037 1491 inscriptio
1065 1432 1240 1489 legitur.
1274 1435 1416 1476 Orac&
1441 1435 1607 1476 flacci:
1637 1433 1682 1475 in
1708 1433 1907 1476 inferiore
1935 1439 2054 1491 parte
2082 1439 2179 1492 post
2206 1436 2333 1479 verba
2360 1434 2559 1492 quaedam

175 1516 260 1546 nou
289 1501 391 1545 satis
430 1500 552 1559 plana
580 1503 623 1543 et
650 1499 868 1559 explicita·
898 1500 1024 1544 Liber
1042 1514 1154 1556 mag.
1185 1504 1294 1556 etc.,
1324 1500 1487 1544 minutis
1515 1499 1664 1543 litteris
1694 1499 1832 1543 titulus
1863 1504 2022 1543 exstat.
2056 1502 2200 1545 Oratio·
2224 1505 2453 1547 cmm
2483 1504 2555 1546 lib.

175 1573 347 1627 prmus.
378 1592 434 1601 —
483 1567 564 1611 Hic
593 1567 725 1611 codex
753 1582 836 1611 uua
863 1567 1080 1625 eademque
1109 1582 1228 1611 manu
1258 1569 1309 1612 ab
1338 1569 1456 1612 initio
1487 1583 1615 1626 usque
1645 1567 1696 1610 ad
1725 1567 1845 1610 finem
1875 1568 2052 1627 scriptus
2082 1583 2209 1629 opera
2224 1569 2390 1614 Horatii
2418 1571 2558 1614 omnia

180 1637 362 1680 continet
387 1635 466 1678 hoc
496 1633 664 1677 ordine.
706 1633 1002 1677 carminum
1040 1634 1170 1677 libri
1196 1634 1273 1680 IV.
1298 1634 1518 1712 Epodon
1557 1636 1645 1677 lib.
1675 1633 1841 1680 carm.
1872 1649 2008 1677 saec.
2034 1635 2155 1678 Ars.
2184 1642 2319 1695 poet.
2350 1637 2556 1681 Sermo-

178 1702 450 1748 num-libri
476 1701 533 1746 IL
562 1700 930 1761 Epistolarum
957 1702 1085 1744 libri
1114 1702 1173 1744 11.
1228 1703 1420 1760 Paginae
1447 1704 1491 1745 in
1522 1702 1779 1746 Carminibus
1811 1708 1853 1745 et
1878 1702 2034 1760 Epodis
2065 1702 2247 1762 duplices
2276 1705 2431 1748 habent
2459 1718 2556 1747 ver-

182 1786 296 1815 suum
332 1770 539 1813 columnas
555 1802 569 1823 ,
607 1770 650 1811 in
680 1769 945 1812 Sermonibus
987 1774 1030 1812 et
1056 1769 1256 1827 Epistolis
1299 1770 1519 1828 simplices.
1549 1769 1710 1815 Versus
1739 1771 1784 1812 in
1813 1769 1987 1827 singulis
2025 1770 2190 1828 paginis
2219 1773 2280 1815 44
2307 1770 2558 1827 (secundum

182 1839 414 1898 stigmatum
443 1837 492 1881 ad
522 1837 744 1895 marginem
780 1835 970 1879 foliorum
1006 1837 1230 1891 numerum)
1275 1837 1418 1896 scripti
1448 1839 1544 1881 sunt
1568 1836 1677 1879 inter
1703 1835 1837 1879 lineas
1868 1835 1962 1879 stilo
1991 1835 2139 1880 leviter
2166 1836 2311 1882 ductas
2343 1843 2387 1882 et
2413 1852 2557 1899 parum

182 1920 423 1967 expressas,
452 1910 497 1948 ut
524 1905 616 1947 fere
645 1908 915 1959 evanescant,
956 1904 1116 1947 clausas
1146 1904 1342 1961 utrimque
1370 1904 1477 1947 binis
1506 1904 1627 1947 lineis
1656 1903 2076 1963 perpendicularibns,
2107 1904 2251 1962 quibus
2281 1906 2448 1949 litterae
2476 1907 2556 1949 ini-

180 1975 300 2018 tiales
330 1972 597 2017 includuntur.
653 1973 933 2015 Atramentum
946 1986 1078 2031 paene
1095 1971 1269 2027 fuscum,
1288 1975 1344 2014 ‘ut
1370 1972 1603 2016 invetustis
1632 1972 1788 2016 msctis.
1820 1971 2030 2016 ‘ritulis
2061 1972 2233 2031 eclogae
2255 1987 2397 2017 omnes
2414 1981 2559 2018 carent

178 2046 345 2104 praeter
373 2039 609 2100 Epistolas,
650 2053 752 2097 quae
787 2039 878 2083 fere
914 2039 1037 2082 minio
1067 2038 1199 2098 pictos
1229 2052 1255 2081 a
1281 2039 1514 2098 posteriore
1544 2053 1662 2083 manu
1690 2039 1842 2082 habent
1869 2039 2026 2085 titulos.
2081 2039 2131 2082 In
2158 2039 2265 2084 Arte
2289 2045 2403 2100 poet.
2431 2055 2457 2084 a
2485 2055 2555 2085 re-

179 2111 361 2154 centiore
401 2122 518 2151 manu
558 2121 762 2167 superscr.
802 2109 1013 2162 „Oract’us
1049 2109 1104 2150 de
1132 2109 1255 2163 poesi
1286 2113 1332 2150 et
1362 2109 1552 2163 μισεῖν(
1617 2107 1669 2150 Ῑιι
1695 2106 1937 2152 Sermonum
1957 2107 2043 2151 .lib.
2083 2106 2118 2150 I.
2156 2108 2283 2151 uber
2309 2123 2548 2153 sermm

179 2182 321 2223 erucii.
379 2177 569 2220 Litterae
598 2176 830 2234 eclogarum
858 2175 1037 2218 initiales
1066 2175 1213 2234 partim
1241 2174 1382 2230 minio,
1410 2175 1557 2234 partim
1586 2179 1810 2219 atramento
1839 2175 1986 2235 pictae.
2042 2174 2233 2219 Litterae
2262 2190 2454 2220 versuum
2471 2176 2552 2220 ini-

179 2246 335 2289 tialesa
351 2249 465 2289 textu
483 2242 682 2287 distantes
700 2243 928 2287 breviorem
946 2246 989 2285 et
1007 2242 1294 2301 simpliciorem
1312 2242 1481 2286 formam
1498 2257 1600 2302 prae
1620 2243 1835 2287 seferunt.
1858 2267 1912 2275 -
1936 2242 1969 2286 S
1981 2242 2038 2285 ch
2049 2242 2159 2286 olia
2184 2248 2226 2285 et
2251 2242 2341 2301 glo
2352 2257 2374 2286 s
2388 2257 2409 2286 s
2422 2257 2479 2286 ae
2501 2243 2554 2286 ad

178 2314 323 2358 Artem
340 2317 449 2371 poet.
466 2311 620 2370 plures,
651 2310 702 2353 ad
712 2309 920 2369 Epistulas
931 2310 1165 2366 nonnullae,
1195 2309 1246 2352 ad
1262 2308 1423 2353 Satiras
1433 2324 1662 2369 perpaucae
1684 2315 1765 2353 tum
1786 2310 2026 2365 vetustiore,
2058 2314 2138 2352 tum
2167 2310 2403 2354 recentiore
2433 2324 2554 2354 manu

180 2381 384 2440 scriptae3
421 2378 475 2421 ad
501 2378 662 2437 Lyrica
701 2378 863 2421 omnino
905 2376 1064 2420 desunt.
1095 2403 1147 2410 —
1190 2376 1405 2436 Scriptura
1440 2377 1560 2420 huius
1591 2377 1761 2434 codicis,
1806 2391 1920 2435 quam
1949 2377 2212 2421 minusculam
2243 2376 2462 2422 Gothicam
2492 2378 2553 2421 di·

181 2452 289 2502 cunt,
318 2460 401 2489 non
429 2451 575 2489 ornata
601 2446 681 2492 illa>
701 2445 857 2503 quidem
885 2459 962 2487 nec
990 2445 1162 2502 elegans
1175 2477 1189 2498 ,
1233 2445 1306 2487 sed
1335 2445 1458 2503 plana
1486 2451 1619 2487 tamen
1648 2446 1793 2502 ubique
1823 2450 1865 2487 et
1893 2445 2099 2504 explicita,
2130 2445 2234 2488 satis
2265 2444 2424 2502 quidem
2455 2460 2554 2489 con-

174 2516 283 2558 ferta
312 2518 355 2556 et
381 2514 547 2566 minuta,
576 2513 635 2555 ita
664 2517 812 2567 tamen,
843 2518 886 2556 ut
912 2512 998 2570 legi
1036 2511 1244 2556 commode
1272 2512 1424 2571 possit.
1482 2510 1598 2555 Tota
1627 2512 1716 2555 eius
1749 2511 1910 2571 species
1940 2517 1982 2555 et
2008 2511 2187 2568 indoles,
2218 2511 2413 2571 angulosi
2442 2512 2552 2556 litte-

176 2595 312 2627 rarum
342 2579 484 2625 ductus
515 2583 558 2624 et
586 2578 749 2640 singula
777 2580 996 2625 observata
1022 2579 1066 2624 in
1092 2579 1243 2625 litteris
1274 2583 1316 2624 et
1328 2577 1578 2640 compendiis
1595 2578 1838 2640 scripturae,
1870 2579 2079 2624 saeculi
2104 2578 2228 2624 XIII.
2257 2579 2427 2624 initio
2447 2580 2554 2624 bunc

177 2649 356 2693 codicem
385 2649 578 2708 scriptum
607 2662 703 2690 esse
734 2648 955 2691 declarant.
1011 2648 1109 2690 Non
1137 2653 1289 2690 tantum
1334 2648 1493 2704 quidem
1515 2648 1752 2706 scripturae
1785 2648 1915 2690 facies
1945 2662 1971 2690 a
1999 2648 2208 2691 codicibus
2241 2649 2407 2691 saeculo
2435 2648 2554 2702 XII„

175 2718 420 2778 praesertim
455 2717 593 2759 ultima
631 2717 719 2759 eius
756 2721 875 2775 parte
913 2716 1079 2774 scriptis
1118 2715 1265 2771 distat,
1304 2721 1350 2759 ut
1389 2730 1473 2760 non
1501 2715 1695 2774 pleraque
1724 2731 1810 2760 cum
1839 2715 1892 2759 iis
1923 2715 2150 2761 communia
2176 2715 2341 2771 habeat,
2372 2716 2554 2774 adeoque

177 2784 361 2830 difficilis
392 2798 516 2843 saepe
545 2783 616 2827 fiat
644 2782 695 2826 de
724 2783 848 2827 certis
878 2783 1024 2826 aetatis
1054 2783 1238 2827 terminis
1263 2781 1477 2840 Judicatio.
1536 2781 1624 2826 Sed
1653 2797 1754 2841 quae
1789 2782 1952 2841 singula
1980 2783 2024 2826 in
2052 2783 2193 2843 priore
2223 2788 2357 2826 aetate
2385 2787 2554 2842 reperta

174 2854 374 2899 transitus
404 2851 456 2895 ad
483 2851 753 2911 posteriorem
781 2849 933 2895 indicia
961 2854 1070 2906 sunt,
1100 2864 1151 2894 ea
1180 2851 1395 2895 coniuncta
1423 2848 1580 2893 demum
1609 2850 1648 2894 si
1676 2851 1951 2910 reperiuntur,
1979 2850 2235 2909 insequentis
2265 2850 2357 2891 aevi
2374 2849 2554 2893 indolem

174 2921 440 2981 patefaciunt.
499 2919 611 2962 Sic
599 2935 641 2962 ιιι
670 2924 813 2963 nostro
843 2918 985 2961 codice
1014 2933 1038 2960 e
1069 2918 1242 2977 simplex
1271 2922 1323 2983 (ς
1351 2917 1509 2994 rarius.)
1538 2931 1614 2976 pro
1660 2932 1745 2972 ae,
1775 2932 1834 2960 oe
1863 2918 1954 2960 fere
1983 2918 2130 2975 ubique
2161 2924 2412 2975 usurpatum,
2443 2923 2488 2960 ut
2515 2932 2553 2961 ae

177 2987 326 3047 sigium
363 3002 583 3045 nusquam,
622 3002 680 3030 ae
721 2992 763 3030 et
799 3000 857 3029 oe
893 2985 1106 3029 rarissime
1144 2989 1390 3044 appareant3
1429 2984 1498 3042 qui
1535 2998 1625 3028 mos
1665 2998 1775 3028 saec.
1802 2983 1901 3029 XII.
1945 2985 2026 3029 iam
2054 2983 2259 3040 inductus,
2290 2997 2404 3030 saec.
2432 2984 2554 3030 XIII.

175 3056 332 3102 demum
361 3055 542 3101 invaluit.
599 3054 671 3100 Sic
698 3054 835 3099 littera
863 3069 878 3097 1
906 3052 1107 3115 duplicata
1135 3057 1304 3098 accentu
1341 3052 1386 3097 in
1422 3051 1503 3097 hoc
1544 3051 1635 3099 cod.
1679 3051 1909 3114 plerumque
1945 3057 2109 3097 notatur
2147 3055 2214 3107 (ut
2240 3055 2332 3097 otii.
2368 3053 2553 3109 mauu,

179 3126 333 3182 Capru,
362 3127 506 3179 Eunu,
532 3126 902 3182 vicih‚eu1›1›liciis
930 3124 1029 3178 cett)
1060 3122 1166 3181 quod
1205 3136 1318 3169 saec.
1332 3121 1412 3168 XI.
1440 3122 1534 3165 fieri
1563 3122 1716 3181 coepit,
1747 3136 1859 3165 saec.
1875 3120 1974 3165 XII.
2004 3122 2286 3179 stequentius,
2317 3121 2393 3164 sed
2410 3138 2430 3165 ι
2458 3124 2553 3164 sim·

172 3193 270 3252 plex
298 3207 454 3251 quoque
485 3195 546 3239 sic
574 3199 754 3238 notatum
783 3193 905 3250 (frua,
935 3196 1089 3246 aniana,
1119 3191 1222 3246 am)
1254 3205 1367 3235 saec.
1397 3189 1518 3236 XIII.
1548 3188 1879 3235 consuetudinem
1902 3190 1988 3248 jam
2015 3188 2185 3235 indicat.
2244 3188 2350 3234 Item
2371 3188 2400 3233 ὅ
2412 3195 2552 3234 rotun-
