2737 3600
165 293 239 323 ore
255 311 268 333 ‚
312 279 421 322 binis
449 277 726 321 exterioribus
770 274 824 318 ad
850 274 1081 332 marginem
1104 285 1270 317 versus.
1327 270 1542 331 Scriptura
1557 269 1806 317 Germanica
1826 272 1929 317 satis
1957 285 2078 332 pura,
2107 272 2233 332 plana
2260 277 2306 315 et
2331 279 2539 327 accurata,

164 349 387 390 atrammto
414 345 591 405 vulgari.
651 342 840 386 Titulus'
861 341 954 385 huic
982 339 1178 385 volumini
1205 339 1425 383 communis
1463 340 1508 383 in
1534 340 1674 384 fronte
1701 340 1773 384 fol.
1803 342 1885 384 28.»
1902 340 2028 384 minio
2068 341 2229 400 pictus:
2271 341 2360 395 ‚,Q.
2396 338 2541 383 Oratis·

162 416 312 457 Flacca·
324 415 450 457 Liber
469 414 727 455 >somonam
753 411 913 464 incipit.
969 408 1161 450 Litterae
1190 407 1424 464 eclogarum
1451 408 1628 451 initiales
1656 409 1779 452 minio
1807 410 1958 466 pictae,
1987 421 2179 453 versuum
2194 408 2377 453 initiales
2395 421 2540 451 onnes

161 480 313 525 lineola
339 480 465 524 minio
496 477 618 522 ducta
642 478 825 519 notatae.
883 473 1063 518 Tituli
1091 474 1324 532 eclogarum
1353 476 1516 520 omnino
1546 474 1707 531 desunt,
1734 480 2017 535 praeterquam
2045 476 2090 519 in
2116 475 2254 535 Epist.
2282 474 2321 531 1,
2346 476 2390 520 8.
2405 476 2450 522 9.
2465 475 2538 518 le.

160 549 231 593 ubi
259 563 285 592 a
312 550 353 592 2.
382 555 437 590 ιη’.
465 544 675 603 adscripti.
733 541 917 587 Scholiis
948 547 991 587 et
1018 542 1176 602 glossis
1204 543 1310 588 liber
1335 544 1426 589 fere
1455 545 1615 589 omnino
1645 548 1759 588 caret
1786 542 1927 594 (modo
1957 543 2002 588 in
2014 541 2105 587 Sat.
2133 542 2173 599 l,
2204 546 2246 599 1,
2275 542 2536 587 &sakan

163 615 431 660 Tantalus
460 627 487 655 a
514 612 708 674 labris,
737 625 822 654 vox
851 610 1116 655 Gemanica:
1147 614 1435 669 „kaepelug“
1465 613 1769 672 superscripta,
1798 623 1890 655 cum
1919 612 2048 656 schol.
2078 611 2131 655 ad
2157 612 2326 669 marg.).
2381 610 2537 654 Lectio

159 684 317 743 passim
360 695 387 724 a
412 682 454 723 2.
485 694 537 723 ιιι.
566 684 731 725 mutata.
760 677 922 725 Versus
949 685 1208 723 numerantur
1244 681 1371 725 2⁵⁰4.
1399 695 1425 724 a
1453 680 1542 724 Sat.
1570 680 1607 736 I,
1639 684 1679 723 1.
1707 680 1902 723 immixtis
1928 679 2130 738 Epistolis
2164 684 2318 723 temere
2347 678 2536 730 confusis

160 764 287 809 usque
324 748 378 791 ad
414 747 539 791 finem
569 746 657 790 Sat.
687 746 737 803 1,
776 749 845 793 10.
884 747 956 791 fol.
994 751 1091 803 106,
1122 749 1161 793 b.
1216 748 1274 792 Hi
1300 750 1457 809 numeri
1484 750 1530 792 in
1555 749 1742 806 margine
1781 748 1981 806 adscripti
2018 747 2174 791 decimo
2218 747 2364 805 cuique
2394 745 2538 789 versui

159 817 301 861 eadem
328 815 493 872 antiqua
520 830 654 870 manu,
683 830 785 873 quae
815 815 994 860 codicem
1024 817 1203 875 scripsit.
1261 816 1453 874 Sequitur
1489 817 1628 860 titulus
1659 831 1686 859 a
1711 819 1754 859 2.
1785 831 1839 860 ιιι.
1871 816 2072 875 scriptus:
2106 817 2155 868 Q.
2184 816 2364 860 Horatii
2393 816 2542 858 maed

161 886 409 928 &monum
437 885 541 926 liber
562 886 722 940 primus
764 886 946 939 explicit.
1006 886 1159 940 Incipit
1194 885 1304 927 2dus
1339 887 1570 939 foeliciter.
1607 886 1723 926 velut
1761 887 1806 926 in
1842 886 2062 940 dialogum
2102 885 2306 925 fichardo
2333 886 2534 940 loquitur.

158 953 308 996 Denuo
326 965 475 995 versus
506 956 530 994 1
548 976 600 984 —
618 954 730 995 1100
747 956 1007 1013 numerantur
1036 967 1061 994 a
1087 951 1143 996 11.
1175 950 1263 996 Sat.
1296 955 1338 1007 1,
1367 951 1560 994 immixtis
1590 955 1743 994 temere
1759 950 1960 1010 Epistolis
1979 965 2107 1009 usque
2146 950 2199 993 ad
2226 951 2348 994 finem
2378 950 2536 994 codicis

159 1020 233 1064 fol.
262 1021 362 1064 142.
389 1044 445 1052 —-
472 1020 717 1078 Descriptus
747 1025 814 1063 est
839 1020 944 1062 liber
973 1034 1026 1062 ex
1054 1020 1218 1076 antiquo
1247 1023 1378 1062 mscto
1406 1019 1473 1062 vel
1500 1019 1640 1062 lacero
1661 1018 1729 1061 vel
1748 1019 1919 1062 confuse
1938 1018 2084 1076 ligato.
2141 1016 2283 1061 ordo
2312 1018 2399 1061 hic
2428 1022 2535 1069 est:

159 1086 216 1131 A.
245 1086 320 1131 fol.
349 1088 558 1130 28—55.
591 1086 682 1131 Sat.
713 1086 750 1141 Ι,
781 1090 922 1129 1-0
948 1088 1073 1131 τ.20.
1105 1085 1218 1129 Tum
1233 1086 1346 1129 nulla
1373 1086 1658 1129 disctinctione
1699 1087 1880 1142 sequitur
1915 1085 1973 1128 11.
2004 1084 2093 1129 Sat.
2123 1087 2181 1139 ⁸,
2215 1086 2439 1139 120-0,
2464 1086 2538 1128 06.

161 1154 214 1198 ad
240 1154 314 1197 fol.
343 1157 425 1209 Ἡ,
455 1169 496 1200 a.
526 1155 596 1197 ubi
625 1155 808 1211 sequitur
832 1154 866 1196 1.
894 1154 1031 1211 Epist.
1060 1157 1131 1208 16,
1158 1156 1218 1197 6Ί
1230 1177 1275 1187 -
1301 1153 1359 1199 Π.
1377 1153 1454 1212 Ep.
1478 1156 1528 1208 ·1,
1555 1155 1655 1197 220.
1675 1152 1728 1196 ad
1743 1153 1818 1197 fol.
1833 1156 1907 1208 86,
1937 1154 1978 1199 b.
1998 1152 2111 1196 Tum
2140 1166 2166 1195 a
2194 1151 2349 1199 fob&
2363 1153 2539 1206 -ε1οΙ,

158 1223 199 1266 b.
238 1221 274 1266 I.
302 1221 437 1281 Epist.
465 1222 522 1276 5,
564 1223 624 1264 27
637 1223 860 1276 -16,66.
887 1220 943 1264 A.
971 1220 1051 1263 fol.
1075 1222 1176 1276 102,
1204 1221 1316 1264 b.—-
1333 1223 1443 1276 117,
1472 1221 1517 1267 b.
1546 1219 1636 1264 Sat.
1663 1220 1701 1276 1,
1727 1223 1784 1275 0,
1811 1222 1870 1263 20
1887 1219 2012 1262 -11.
2048 1219 2139 1263 Sat.
2164 1222 2210 1275 8,
2241 1221 2341 1264 120.
2379 1219 2437 1264 Α.
2466 1218 2540 1262 fol.

158 1293 261 1345 117,
292 1290 517 1333 b.-1³8.
546 1288 606 1332 11.
637 1288 726 1331 Sat.
754 1291 799 1342 6,
827 1287 1005 1329 94-1.
1034 1287 1172 1345 Epist.
1209 1289 1264 1343 5,
1307 1291 1381 1333 26.
1410 1287 1469 1333 Α.
1495 1288 1568 1331 fol.
1597 1289 1870 1342 188—180,
1900 1289 1940 1330 b.
1969 1288 2027 1330 11.
2058 1287 2138 1345 Ep.
2165 1290 2210 1342 2,
2239 1289 2457 1333 21-82.
2484 1287 2539 1330 Α.

158 1357 232 1403 fol.
262 1359 361 1411 186,
389 1357 431 1398 b.
448 1380 500 1387 -
516 1356 617 1409 188,
647 1355 686 1396 b.
700 1353 755 1396 11.
784 1353 864 1412 Ep.
881 1357 924 1408 1,
954 1356 1039 1396 130
1054 1377 1110 1386 -
1124 1356 1168 1407 2,
1184 1356 1255 1396 20.
1282 1354 1338 1396 Α.
1357 1355 1434 1398 fol.
1453 1357 1553 1408 188,
1581 1355 1622 1397 b.
1640 1356 1806 1397 -142,
1835 1354 1914 1411 Ep.
1928 1355 1988 1408 11,
2016 1357 2062 1408 2,
2091 1356 2166 1397 88.
2184 1368 2314 1410 usque
2331 1353 2385 1397 ad
2401 1353 2538 1400 finem

271 1423 392 1468 Hunc
432 1421 615 1466 codicem
652 1421 846 1481 scriptum
883 1434 982 1465 esse
1009 1420 1054 1464 in
1082 1420 1213 1464 altera
1240 1419 1363 1465 Sacc.
1391 1419 1487 1467 XV.
1502 1425 1636 1480 parte,
1665 1421 1797 1480 ipsa·
1817 1420 2163 1479 chartaesignum
2183 1435 2260 1480 per
2276 1422 2413 1464 omnia
2434 1421 2541 1465 folia

158 1492 446 1550 conspicuum,
475 1494 633 1548 caput
669 1490 958 1543 taurinum,
991 1488 1097 1546 quod
1127 1488 1285 1532 stellam
1315 1493 1471 1547 septem
1498 1488 1707 1532 radiorum
1735 1489 1837 1543 fert,
1864 1490 1963 1531 anni
1990 1491 2104 1532 14oe
2131 1489 2237 1548 apud
2258 1490 2540 1533 Nummum

157 1562 202 1603 in
232 1558 435 1615 Catalogo
473 1562 686 1600 msttorum
725 1557 819 1600 bibl.
850 1555 950 1600 Sen.
976 1556 1120 1615 Lips.‚
1147 1555 1285 1615 prodit
1313 1560 1355 1599 et
1384 1555 1580 1601 declarat.
1638 1556 1724 1600 Sed
1754 1556 1923 1600 eundem
1953 1571 2007 1600 ex
2036 1558 2317 1614 antiquissimo
2348 1563 2390 1601 et
2416 1572 2539 1617 prae·

159 1626 414 1672 stantissimo
444 1625 668 1685 exemplari
699 1625 900 1684 originem
931 1623 1080 1668 ducere
1096 1658 1110 1681 ,
1141 1639 1230 1668 cum
1257 1624 1351 1685 ipsa
1377 1623 1501 1667 lectio
1535 1638 1623 1668 cum
1653 1624 1816 1684 optimis
1847 1628 1888 1668 et
1915 1625 2206 1672 vetustissimis
2237 1626 2460 1684 quibusque
2487 1626 2539 1669 li-

157 1696 245 1740 bris
274 1695 532 1754 plerumque,
577 1693 643 1736 vel
680 1694 723 1735 in
754 1693 1048 1752 orthographia
1075 1707 1246 1748 vocum,
1291 1693 1583 1747 consentiens,
1614 1697 1696 1736 tum
1724 1694 1941 1751 praecipue
1971 1693 2182 1751 praeclara
2209 1693 2282 1736 illa
2308 1694 2434 1738 lectio
2467 1694 2539 1737 de·

158 1767 374 1818 monstrat,
405 1760 496 1808 Sat.
526 1761 564 1817 Ι,
592 1764 637 1816 6,
669 1763 764 1804 126.
821 1760 1119 1803 Ammonuit
1146 1761 1300 1818 fugio
1332 1773 1560 1818 campum
1602 1760 1874 1817 lusumque
1905 1762 2191 1818 trigonem:
2223 1775 2342 1817 quan
2370 1762 2439 1804 hie
2469 1776 2539 1804 co-

159 1830 245 1873 dex.
277 1830 505 1887 integram,
545 1829 636 1870 sine
674 1842 821 1870 rasura
858 1833 901 1870 et
937 1829 1029 1870 sine
1063 1829 1224 1886 punctis
1264 1828 1490 1885 suppositis
1526 1830 1595 1881 (ut
1629 1828 1672 1870 in
1700 1827 1848 1870 Bland.
1881 1829 1943 1878 1.)
1978 1828 2144 1871 exhibet
2171 1828 2320 1883 [modo
2362 1829 2408 1871 in
2436 1843 2541 1872 voce

157 1898 426 1954 lusumque
464 1896 592 1939 altera
632 1895 792 1939 litterae
822 1909 848 1938 u
876 1894 1029 1939 lineola
1067 1894 1186 1954 paulo
1217 1893 1337 1938 altius
1367 1893 1589 1954 producta,
1632 1894 1737 1952 quod
1781 1895 1902 1938 etiam
1930 1895 2026 1938 alibi
2054 1896 2097 1937 in
2125 1895 2205 1939 hoc
2233 1895 2342 1939 libro
2370 1897 2539 1952 factum,

157 1969 202 2009 ut
228 1966 273 2008 iu
301 1977 340 2008 V.
369 1964 538 2006 inluta
575 1962 633 2008 11.
664 1962 710 2005 S.
738 1965 783 2017 4,
812 1965 906 2014 84).
936 1962 1008 2005 Sic
1039 1962 1262 2020 singularis
1292 1962 1393 2003 haec
1422 1962 1545 2004 lectio
1575 1963 1871 2017 vetustissima,
1902 1978 1924 2006 a
1943 1964 2043 2005 viris
2060 1963 2192 2005 doctis
2209 1964 2355 2022 cupide
2371 1973 2543 2022 arrepta

157 2034 221 2090 (v.
249 2031 431 2085 Beati),
474 2045 528 2073 ex
565 2045 640 2087 quo
673 2028 876 2087 Cruquius
907 2045 930 2072 e
961 2028 1101 2072 codice
1129 2028 1349 2087 Blandinio
1381 2032 1423 2074 1.
1454 2029 1629 2072 omnium
1668 2030 1949 2087 antiquissimo
1981 2044 2071 2075 eam
2098 2030 2308 2088 vulgavit,
2338 2031 2413 2075 sed
2441 2038 2541 2091 post

157 2100 278 2159 hujus
308 2098 514 2143 interitum
557 2112 633 2158 pro
666 2096 875 2157 deperdita
904 2098 955 2141 ab
985 2098 1169 2141 omnibus
1199 2097 1362 2153 habita,
1407 2097 1451 2140 in
1479 2097 1560 2140 hoc
1587 2096 1692 2141 libro
1723 2098 1805 2141 etsi
1831 2098 2079 2154 recentiore,
2108 2098 2230 2142 uobis
2260 2103 2426 2141 servata
2455 2105 2537 2154 est,

159 2182 275 2227 quem
303 2173 453 2222 tamen,
484 2181 573 2209 cum
600 2167 644 2209 iu
673 2167 822 2209 ceteris
851 2166 1093 2209 lectionibus
1123 2180 1211 2208 cum
1242 2164 1479 2223 Cruquiauo
1507 2164 1577 2208 illo
1607 2180 1692 2209 non
1721 2167 1884 2210 omnino
1917 2172 2139 2224 congruat,
2170 2182 2223 2210 ex
2253 2167 2334 2210 alio
2364 2167 2538 2225 quodam

115 2258 122 2266 ·
156 2236 438 2280 vetustissimo
467 2236 571 2278 libro
602 2234 729 2277 adhuc
759 2234 901 2292 ignoto
945 2233 1191 2293 descriptum
1221 2248 1318 2277 esse
1348 2238 1549 2293 putamus.
1577 2257 1635 2267 —
1674 2232 1834 2293 sigla
1874 2239 1928 2278 et
1967 2234 2279 2295 compendia
2309 2236 2537 2296 scriptu-

157 2319 249 2350 rae
278 2303 467 2364 vulgaria
494 2302 602 2347 illius
633 2301 779 2347 aetatis
809 2305 925 2347 sunt-2
956 2316 1013 2346 ae
1041 2315 1254 2361 nusquam,
1283 2315 1360 2362 pro
1393 2315 1443 2346 eo
1483 2315 1506 2345 e
1526 2301 1774 2362 plerumque,
1805 2317 1834 2369 ρ
1861 2303 1996 2346 rarius
1989 2317 2027 2370 -ε-
2052 2316 2112 2346 oe
2150 2316 2272 2360 raro,
2301 2303 2539 2365 plerumque

161 2388 198 2418 e.
225 2373 333 2432 Litt.
364 2372 381 2416 i
410 2376 578 2416 accentu
609 2385 758 2431 saepe,
797 2375 944 2431 puncto
973 2384 1170 2429 nusquam
1198 2375 1351 2413 notata.
1379 2374 1436 2430 po
1464 2376 1610 2429 post,
1638 2375 1670 2414 9
1698 2385 1816 2425 con,
1854 2384 1867 2414 z
1896 2376 1970 2425 et,
1998 2387 2027 2414 n
2046 2373 2307 2427 nietnisi,
2339 2373 2391 2415 al.
2422 2373 2539 2416 Scri-

156 2450 277 2501 ptura
304 2455 448 2483 vocum
461 2441 727 2483 vetustiorem
742 2439 1073 2483 consuetudinem
1087 2439 1179 2482 fere
1195 2439 1400 2496 sequitur:
1430 2438 1690 2497 Juppiter
1719 2439 1947 2495 (rarissime
1962 2438 2143 2499 Jupiter)
2174 2440 2336 2496 milia,
2365 2441 2539 2497 belua,

158 2522 342 2563 sucuS,
373 2507 677 2564 sollemnis,
706 2507 1047 2566 percontari,
1078 2520 1337 2565 urguere,
1368 2520 1623 2565 unguere,
1653 2506 1941 2566 quidquam,
1973 2507 2225 2566 quidquid
2255 2508 2540 2568 (quidquit)

155 2589 398 2633 umquam,
428 2574 575 2628 Bais,
604 2575 812 2629 iniciat,
846 2575 1064 2629 obiciet,
1093 2580 1212 2616 tura
1241 2579 1337 2618 cett.
1366 2575 1383 2617 i
1412 2580 1454 2616 et
1481 2589 1512 2632 y
1539 2576 1677 2619 rarius
1703 2579 1982 2629 commutatae,
2014 2575 2088 2619 sed
2117 2576 2215 2632 hii,
2244 2576 2355 2619 hiis
2386 2592 2463 2636 pro
2480 2578 2540 2633 hi,

155 2645 239 2699 his,
268 2642 499 2687 recentiore
529 2656 629 2697 usu,
667 2641 801 2685 rarius
830 2641 859 2684 h
888 2645 1040 2685 temere
1071 2642 1265 2685 omissum
1294 2640 1592 2691 vel-additum:
1635 2657 1784 2698 erus,
1829 2646 1996 2699 ortus,
2028 2649 2185 2702 cyatu
2198 2659 2239 2700 s,
2269 2650 2434 2700 carta,
2466 2645 2539 2689 sed

156 2711 369 2765 hedera,
395 2709 563 2764 holus,
594 2709 861 2764 cohercet,
891 2709 1062 2764 michi,
1091 2709 1278 2752 nichil.
1310 2723 1423 2768 cpro
1453 2715 1486 2764 t,
1517 2710 1633 2769 dpro
1651 2716 1682 2766 t,
1711 2712 1969 2767 frequenter:
1999 2712 2242 2768 Lacium,
2272 2714 2538 2770 nequicia,

157 2778 421 2833 condicio,
452 2778 708 2834 ambicio,
737 2776 913 2833 velud,
943 2775 1122 2836 capud.
1148 2791 1174 2836 p
1204 2777 1314 2821 inter
1341 2791 1380 2821 m
1411 2782 1454 2821 et
1482 2782 1500 2821 t
1526 2777 1759 2837 plerumque
1788 2779 1988 2822 insertum
2017 2782 2344 2840 (temptatus,
2376 2795 2538 2840 sump-

156 2854 265 2903 tus,
307 2848 526 2906 emptor)
566 2845 642 2889 sed
677 2850 912 2889 temnens
951 2845 1245 2900 contemni,
1277 2844 1520 2888 damnum.
1595 2846 1833 2889 Accusativi
1870 2847 1948 2890 111.
1980 2847 2084 2891 decl.
2135 2849 2178 2891 in
2223 2850 2272 2891 is
2302 2862 2385 2891 non
2428 2850 2537 2892 rari:

155 2916 319 2970 finis,
349 2915 537 2969 omnis,
579 2913 868 2957 redeuntis.
900 2937 952 2946 —
991 2912 1142 2957 Lectio
1184 2913 1417 2972 plerumque
1445 2928 1575 2972 pura,
1616 2919 1730 2957 recta
1758 2919 1799 2956 et
1828 2915 2057 2972 emendata,
2087 2916 2239 2960 vitiosa
2266 2916 2440 2975 passim,
2470 2918 2539 2961 ubi

157 2983 310 3029 vetusti
338 2982 584 3043 exemplaris
612 2982 739 3027 verba
774 2981 965 3025 librarius
994 2980 1137 3041 legere
1165 2981 1343 3040 nequiit,
1372 2985 1417 3024 ut
1444 2980 1500 3025 Π.
1531 2980 1622 3027 Sat.
1650 2984 1704 3039 2,
1732 2984 1800 3026 47.
1832 2984 2115 3044 accipiens
2146 2998 2236 3027 ere
2263 2998 2340 3043 pro
2371 2986 2539 3046 acipen-

158 3065 277 3105 sere3
306 3052 377 3095 50.
407 3051 682 3095 historius
710 3064 786 3110 pro
816 3050 1061 3110 praetorius.
1118 3048 1220 3091 Inde
1249 3050 1371 3092 etiam
1399 3051 1563 3093 litterae
1592 3055 1636 3093 et
1666 3052 1848 3108 syllabae
1876 3052 1985 3094 haud
2013 3066 2110 3094 raro
2127 3051 2352 3096 distractae
2372 3060 2416 3096 et
2427 3055 2537 3098 falso

156 3119 266 3162 inter
295 3119 554 3177 sejunctae,
581 3124 626 3162 ut
651 3118 707 3161 11.
743 3117 831 3162 Sat.
861 3121 904 3173 1,
932 3120 974 3162 7.
1003 3131 1172 3176 neque
1202 3117 1332 3162 odor
1360 3118 1518 3162 iniret
1546 3132 1606 3162 er
1632 3120 1781 3163 uncti
1808 3133 1908 3178 pro:
1938 3133 2099 3177 nequeo
2118 3118 2313 3165 dormire.
2335 3125 2400 3166 ter
2415 3125 2539 3168 uncti.

154 3188 206 3241 ἵ,-
227 3188 300 3231 88.
327 3201 476 3231 nanu
505 3187 681 3232 caruit
722 3200 798 3247 pro
841 3199 984 3232 manca
1012 3187 1106 3231 ruit.
1136 3185 1170 3232 1.
1200 3184 1280 3246 Ep.
1312 3188 1384 3242 18,
1411 3188 1483 3231 42.
1516 3185 1768 3232 Zethidis
1800 3188 1979 3244 siluit,
2007 3199 2085 3247 pro
2119 3187 2245 3233 Zethi
2275 3188 2467 3234 dissiluit.
2499 3191 2535 3232 E
