2737 3600
1336 185 1404 233 28

177 322 220 364 in
251 319 467 378 Epistolis‚
498 316 572 360 sed
602 330 626 357 a
655 315 771 357 libris
802 315 918 370 prelo
938 318 1166 374 ··expressis
1196 318 1303 362 haud
1331 332 1427 362 raro
1459 317 1690 362 discedens.
1748 314 2077 360 Librariu-tan
2096 315 2320 361 -sollersin
2334 323 2552 380 scriptura,

178 403 294 446 quam
325 387 449 429 hebes
480 388 522 425 et
549 380 662 424 rudis
693 381 735 423 in
765 385 880 436 arte,
927 383 1105 427 obscura
1133 386 1381 444 exemplaris
1412 386 1477 430 sui
1504 386 1681 430 lectione
1711 398 1835 442 saepe
1858 384 1906 427 Ιιιι
1936 396 2118 427 errorem
2147 382 2336 428 inductus
2366 400 2464 433 esse
2489 390 2553 433 vi.

177 456 308 508 detur,
338 451 556 508 praecipue
585 450 629 491 in
657 449 808 490 litteris
838 462 861 489 r
890 452 934 489 et
962 462 983 490 s
1012 450 1124 493 inter
1151 467 1200 495 se
1230 455 1535 497 commutandis.
1592 455 1818 497 Lectiones
1835 452 2062 496 Satirarum
2089 452 2303 495 nonnullas
2318 448 2386 496 hic
2401 455 2555 500 afferre

175 524 283 564 libet.
322 518 355 560 1.
393 517 483 559 Sat.
513 520 557 571 1,
601 518 646 560 2.
684 514 867 557 laudat
911 514 1091 559 divorsa.
1129 521 1199 561 10.
1241 521 1316 562 sub
1363 521 1679 577 gallicantu.
1711 523 1779 564 14.
1824 525 1873 562 te
1910 533 1971 562 ne
1999 532 2151 562 morer.
2181 521 2251 561 1⁹.
2295 518 2459 563 nolunt.
2479 523 2552 568 68.

173 589 334 630 miser
374 598 487 629 esse.
525 585 596 627 65.
635 582 905 626 sordibus.
941 582 1013 624 72.
1060 587 1111 625 ut
1137 584 1276 641 pictis.
1304 588 1377 629 ⁹4.
1416 601 1511 629 nec
1549 586 1696 630 facias.
1723 589 1777 642 2,
1819 589 1888 630 12.
1926 585 2206 630 Fusidius.
2245 587 2314 631 14.
2342 585 2554 631 mercedes

173 652 365 711 exigit.
396 653 441 705 8,
472 646 669 693 asub
699 654 933 712 pectore.
961 650 1034 693 48.
1063 650 1248 707 parvis
1278 650 1434 693 fultum.
1465 653 1537 694 ⁵3.
1567 653 1784 710 pinguis
1812 653 2050 696 danuam.
2081 653 2151 697 At
2177 667 2276 696 non
2304 653 2554 697 incanten-

170 725 452 777 nequeant.
481 720 552 760 81.
587 716 970 776 trepidumque.
998 718 1043 771 4,
1071 718 1143 760 87.
1172 715 1249 758 Ex
1279 717 1484 773 quibus.
1515 720 1615 761 11⁰.-
1637 718 1756 762 'Sed
1795 721 1929 763 mihi·
1952 725 2035 764 sat
2063 723 2124 764 si.
2151 722 2196 776 ὅ,
2228 724 2267 764 1.
2295 734 2367 764 mo
2397 721 2554 779 cepit.

169 791 214 844 6,
242 791 284 831 6.
317 787 546 845 ignotos
578 790 668 828 aut
695 798 781 828 me.
810 786 880 828 88.
911 784 1073 827 virtutis
1103 784 1289 829 honor.
1327 786 1381 838 7,
1420 785 1491 826 21.
1521 783 1660 827 Aeros
1700 792 2038 831 concurrunt.
2075 791 2156 844 lo,
2185 790 2230 835 8.
2271 789 2400 831 haec
2439 801 2554 846 quo-

171 870 266 910 que
306 856 452 895 virtus.
491 856 564 895 86.
616 854 859 895 Albinus.
890 852 947 894 ῙῙ.
989 852 1080 896 Sat.
1109 854 1162 904 1,
1210 854 1277 895 18.
1315 852 1440 893 Dum
1469 866 1540 893 res
1568 852 1675 908 ipsa.
1706 854 1777 894 81.
1821 853 1926 896 male
1964 862 2231 899 cesserat.
2255 859 2330 899 w.
2370 856 2554 899 diffin-

171 937 316 980 gere.
345 923 400 976 2,
441 922 511 966 14.
543 918 815 965 extulerit
856 915 1038 964 fastidia.
1069 918 1166 962 122.
1200 931 1288 963 cum
1319 915 1477 978 duplice
1505 916 1635 962 fico.
1665 918 1710 974 8,
1739 918 1782 962 2.
1813 931 1994 978 quaeque
2022 921 2334 969 revolvens.
2364 923 2432 968 17.
2460 920 2554 969 Ve-

169 1004 277 1033 rum
307 988 739 1032 hocconsilium.5⁰.
768 1001 869 1030 unus
899 987 1158 1044 utrisque.
1187 988 1285 1029 211.
1302 987 1524 1029 immeritos
1546 985 1655 1028 dum
1685 986 1902 1029 occidit.
1927 989 2025 1029 no.
2054 989 2249 1033 Rusam
2278 996 2367 1034 aut
2394 990 2554 1050 pusil-

170 1059 281 1100 lam.
311 1060 413 1100 21⁹.
446 1056 595 1109 Quod
626 1056 803 1113 siqui.
832 1056 931 1098 22⁵.
961 1054 1146 1099 Vincit
1174 1055 1294 1098 enim.
1322 1056 1421 1100 240.
1453 1053 1626 1098 solidum
1656 1055 1990 1098 absorberet.
2011 1056 2053 1109 ⁸)

286 1197 369 1246 28)
400 1191 643 1238 Grau-N.
698 1189 881 1235 Codex
913 1190 1264 1245 Graevianus,
1293 1190 1594 1235 vetustissimus
1612 1205 1660 1234 ac
1688 1188 1993 1234 laudatissimus
2009 1189 2192 1236 saec.X.
2208 1191 2558 1249 membranaceus,

174 1261 298 1306 hodie
326 1262 370 1304 in
400 1258 609 1303 codicibus
630 1257 870 1302 Harleianis
892 1256 1033 1301 Musei
1061 1257 1290 1300 Britannici
1319 1273 1383 1299 nr.
1415 1259 1543 1300 ²725.
1564 1263 1767 1300 servatur.
1825 1257 1993 1300 Horatii
2012 1271 2140 1317 opera
2169 1258 2304 1299 onnia
2321 1259 2414 1300 sine
2430 1259 2555 1302 dubio

176 1329 271 1371 olim
301 1326 556 1386 complexus,
586 1331 685 1386 post
712 1325 893 1380 mutilus,
925 1326 1079 1366 avulsis
1109 1326 1290 1384 pluribus
1317 1326 1560 1368 membranis
1592 1333 1634 1366 et
1661 1326 1862 1383 dispersis
1893 1326 1959 1379 (ut
1985 1325 2278 1367 Broukhusius
2303 1328 2478 1378 notavit)
2515 1328 2559 1368 in

178 1397 388 1438 doctorum
417 1407 561 1435 manus
577 1394 780 1452 pervenit.
840 1391 1052 1447 Continet,
1084 1407 1138 1435 ex
1152 1398 1315 1435 vetusto
1331 1393 1491 1446 ordine,
1523 1392 1750 1435 odarumv
1776 1393 1945 1435 libros
1975 1390 2051 1438 IV.
2080 1391 2259 1436 Artem
2287 1386 2556 1452 poet-Epo-

171 1464 272 1505 don
301 1462 513 1514 librum,
546 1459 769 1503 Carmen
800 1474 934 1503 saec.
963 1460 1327 1518 Epistolarum
1354 1460 1442 1505 lib.
1469 1459 1504 1503 Ι.
1547 1474 1675 1516 usque
1704 1459 1756 1504 ad
1785 1461 1906 1519 epist.
1935 1463 1978 1504 8.
2005 1475 2045 1504 v.
2074 1463 2117 1506 7.
2147 1475 2224 1518 quo
2252 1460 2344 1504 loco
2373 1460 2558 1505 lacunam

170 1532 295 1574 hahet
324 1544 453 1586 usque
484 1528 536 1571 ad
564 1528 620 1570 11.
652 1528 787 1586 Epist.
815 1531 858 1572 2.
888 1543 927 1571 v.
959 1530 1032 1574 21).
1075 1525 1194 1571 Hanc
1225 1527 1438 1586 epistolam
1470 1527 1623 1586 excipit
1651 1525 1955 1572 Sermonum
1982 1527 2070 1572 lib.
2100 1526 2135 1574 I.
2165 1542 2294 1587 usque
2323 1526 2375 1572 ad
2404 1533 2483 1573 sat.
2510 1529 2554 1573 2.

170 1614 209 1643 v.
243 1600 339 1642 118.
372 1599 416 1642 ιιι
447 1611 524 1654 quo
564 1595 671 1640 liber
700 1594 860 1651 deficit,
900 1599 943 1639 ut
971 1595 1152 1653 reliquae
1182 1610 1323 1639 omnes
1355 1595 1509 1639 satirae
1540 1594 1842 1643 desiderentur.
1900 1595 2126 1640 Scholia
2149 1596 2272 1641 habet
2299 1610 2383 1641 non
2409 1609 2556 1657 pauca,

169 1666 315 1727 partim
346 1679 401 1708 ex
421 1663 606 1707 Acronis
628 1668 670 1705 et
684 1663 991 1722 Porphyrionis
1011 1660 1311 1705 commentariis
1334 1668 1545 1722 excerpta,
1574 1664 1721 1722 partim
1737 1664 1918 1723 propria,
1948 1665 2091 1721 quibus
2105 1666 2333 1707 sententiae
2348 1665 2557 1723 explican-

169 1743 247 1776 tur.
307 1733 388 1775 Hic
418 1731 567 1784 codex,
598 1731 775 1773 omnium
805 1731 896 1773 fere
927 1731 1233 1784 celeberrimus,
1263 1732 1432 1788 primum
1462 1730 1543 1774 Jo».
1575 1729 1801 1788 Georgii
1827 1731 2055 1775 Graevii
2083 1732 2255 1788 (nobilis
2282 1732 2391 1776 iilius
2408 1732 2557 1777 alumni

170 1800 417 1853 Pon-tensis)
447 1799 524 1841 suit
542 1798 748 1856 -TraJecti
786 1797 837 1840 ad
865 1798 948 1840 Rh.
979 1812 1003 1839 a
1033 1810 1110 1854 quo
1139 1797 1330 1840 Bentleio
1371 1797 1422 1840 ad
1462 1798 1552 1840 eius
1592 1811 1692 1841 usus
1733 1804 1800 1841 est
1828 1798 2102 1842 commodatus
2131 1804 2174 1841 et
2201 1799 2485 1855 transmissus,
2513 1806 2559 1842 ut

172 1871 264 1927 ipse
295 1868 425 1910 refert
452 1867 495 1909 in
524 1867 656 1924 praef.
690 1865 755 1908 ed.
785 1865 907 1923 Lips.
936 1878 976 1923 p.
1007 1863 1080 1909 VI.
1110 1863 1504 1919 („Vetustissimum
1540 1880 1640 1907 sane
1670 1865 1879 1925 exemplar
1907 1880 2105 1909 annorum
2133 1865 2257 1909 facile
2284 1864 2462 1922 DCCC,
2492 1867 2559 1910 cui

175 1942 342 1991 „tamen
370 1933 645 1992 Epistularum
675 1938 718 1975 et
747 1932 988 1975 Sermonum
1017 1946 1114 1990 pars
1145 1946 1294 1990 magna
1323 1930 1480 1986 deerat,
1512 1931 1787 1990 suppeditavit
1814 1938 1857 1975 et
1884 1933 1968 1976 huc·
1991 1934 2220 1977 transmisit
2245 1930 2556 1992 praestantissi-

177 2018 295 2059 „mus
328 2001 531 2045 Graevius
562 1996 587 2044 ὁ
617 1996 893 2058 μακαρίτηςς
923 2005 1021 2058 post
1046 2000 1136 2042 eius
1167 2000 1318 2042 obitum
1345 2000 1389 2042 in
1418 2000 1702 2043 bibliothecam
1733 1999 2001 2043 Serenissimi
2028 2000 2235 2044 Electoris
2258 2000 2440 2044 Palatini
2467 2012 2557 2045 cum

173 2072 361 2128 „reliqua
389 2070 481 2112 eius
510 2070 681 2112 libraria
709 2068 989 2126 suppellectile
1020 2069 1298 2122 concessit.“)
1358 2067 1510 2119 Quanti
1540 2082 1629 2110 eum
1657 2068 1723 2110 vir
1752 2082 1928 2111 summus
1956 2068 2121 2124 fecerit,
2152 2069 2334 2128 pluribus
2355 2070 2556 2113 commen·

171 2140 265 2181 tarii
294 2138 399 2180 locis
429 2138 522 2195 ipse
551 2135 764 2188 indicavit,
793 2140 838 2175 ut
864 2133 898 2177 1.
931 2133 1010 2176 Od.
1041 2134 1112 2187 15,
1141 2136 1212 2175 21.
1253 2134 1748 2191 „praestantissimi-mei
1787 2135 1952 2178 codices
1984 2135 2242 2179 Graeviauus
2272 2135 2555 2193 et-Reginen·

173 2208 280 2250 sis.“
311 2210 408 2249 cett.
467 2203 536 2246 Ex
565 2202 813 2245 bibliotheca
840 2201 1033 2244 Palatina
1073 2215 1150 2258 quo
1190 2215 1288 2243 casu
1326 2201 1368 2244 in
1398 2200 1661 2244 Harloianam
1700 2201 1963 2259 mig-raverit,
2000 2217 2084 2246 non
2126 2203 2368 2262 reperimus.
2428 2201 2556 2247 Certe

174 2274 342 2317 eundem
382 2285 482 2315 esse
523 2269 706 2313 codicem
735 2268 1001 2330 Harleianum
1029 2267 1084 2309 A.
1113 2267 1192 2312 Nr.
1220 2269 1349 2310 2725.
1381 2281 1490 2310 saec.
1516 2267 1572 2310 X.
1601 2281 1677 2324 quo
1710 2267 1904 2312 Combius
1933 2270 1976 2312 in
2005 2275 2201 2329 apparatu
2229 2270 2372 2313 critico
2389 2269 2442 2313 ad
2469 2270 2555 2314 edi-

175 2344 324 2385 tionem
354 2355 467 2383 suam
498 2354 535 2381 a.
555 2340 669 2380 17⁹2
699 2341 766 2380 est
794 2350 913 2390 usus,
944 2335 1211 2378 Obbarius
1241 2334 1294 2380 V.
1326 2334 1390 2379 Cl.
1420 2335 1470 2378 de
1500 2334 1640 2378 codice
1658 2333 1890 2380 Graeviauo
1921 2338 2051 2396 ag'ens
2081 2338 2124 2381 in
2153 2337 2282 2381 libro:
2312 2337 2557 2383 zeitschrift

173 2410 241 2453 fiir
269 2404 838 2452 Alterthumswissenschaft.
869 2417 907 2447 a.
938 2405 1065 2446 1840.
1093 2403 1170 2446 Nr.
1197 2405 1227 2445 6
1256 2408 1299 2445 οι
1325 2405 1366 2446 7.
1397 2402 1623 2446 luculenter
1652 2402 1957 2449 demonstravit.
2015 2404 2120 2448 Nam
2148 2419 2233 2449 non
2261 2405 2398 2450 solum»
2408 2404 2554 2450 iisdem

169 2490 344 2537 prorsus
376 2476 507 2529 locis,
547 2474 691 2530 quibus
734 2478 775 2515 et
814 2471 932 2531 apud·
951 2471 1178 2515 Bentleium
1209 2476 1250 2514 et
1277 2471 1321 2514 in
1352 2470 1516 2514 schedis
1544 2470 1878 2515 Broukhusianis
1917 2472 1974 2530 (1.
2003 2472 2138 2532 Epist.
2169 2475 2211 2516 8.
2239 2487 2280 2517 v.
2307 2475 2340 2517 7
2357 2498 2404 2507 -
2421 2473 2480 2530 11,
2509 2477 2553 2520 2.

170 2560 210 2590 v.
253 2548 311 2589 2⁰
349 2549 391 2588 et
426 2542 461 2587 1.
502 2541 591 2586 Sat.
630 2543 675 2587 2.
714 2555 755 2587 v.
794 2539 913 2596 118.)
958 2537 1119 2584 Combii
1156 2551 1314 2597 quoque
1355 2538 1486 2583 codex
1523 2538 1594 2582 ille
1631 2538 1782 2596 deficit,
1830 2539 1904 2583 sed
1942 2541 1985 2583 in
2018 2540 2261 2584 lectionibus
2301 2542 2422 2586 etiam
2443 2543 2554 2586 -iude

173 2613 307 2657 allatis
336 2613 425 2654 fere
455 2616 564 2653 totus
595 2623 685 2651 cum
717 2608 955 2651 Graeviano
994 2607 1229 2665 conspirat,
1261 2613 1449 2663 quantuni
1479 2606 1636 2663 quidem
1665 2621 1720 2649 ex
1749 2608 2032 2652 collationibus
2062 2623 2089 2653 a
2117 2608 2315 2664 Graevio,
2343 2598 2552 2664 Boudeio,

171 2681 407 2726 Burmanno
437 2684 480 2721 et
506 2675 772 2722 Bro'ukhusio
802 2677 955 2731 factis,
995 2688 1097 2733 quae
1134 2675 1254 2718 nobis
1300 2674 1352 2718 ad
1388 2689 1528 2719 manus
1559 2681 1678 2732 sunt,
1702 2676 1880 2734 judicari
1907 2677 2018 2722 licet.
2077 2672 2158 2722 Ubi
2187 2676 2348 2722 Conbii
2375 2677 2499 2722 lectio
2528 2693 2554 2721 a

260 2839 305 2883 3)
330 2838 369 2871 ln
393 2838 437 2871 fin
418 2848 463 2872 ne
487 2828 585 2880 hujus
608 2837 684 2871 libri
716 2836 899 2871 brevior
922 2835 1107 2871 Horatii
1139 2836 1230 2870 vita
1255 2836 1323 2880 legi
1326 2840 1401 2878 tur,
1437 2835 1559 2871 eadem
1583 2846 1651 2880 qua
1674 2836 1819 2873 codex·
1810 2838 1884 2883 ipse
1906 2847 2012 2873 mauu
2034 2838 2164 2894 scripta
2187 2846 2254 2873 uec
2275 2845 2434 2879 usquam,
2457 2837 2551 2879 quod

323 2895 448 2937 nciam,
473 2894 585 2930 adhuc
608 2895 759 2939 vulgata,
782 2904 884 2938 quam
909 2893 966 2928 hic
988 2892 1130 2938 primum
1154 2892 1278 2928 afferre
1302 2893 1413 2927 liceat.

415 2950 511 2997 „Qu
529 2944 705 2985 Horatius
728 2950 877 2984 Flaccus
907 2954 1011 2985 natus
1035 2949 1181 2982 Venusia
1163 2959 1206 2982 ae
1239 2953 1320 2992 ante
1349 2949 1440 2983 diem
1464 2950 1524 2983 vl.
1554 2950 1679 2984 laius-
1709 2951 1889 2984 Decembr.
1914 2950 1956 2984 C.
1980 2950 2075 2984 Cotu-
2096 2949 2142 2983 L.
2165 2948 2348 2991 Torquato
2372 2958 2462 2983 eoos.
2491 2950 2550 2984 Ex

324 3012 458 3048 ordine
467 3008 709 3048 libertinorum
733 3012 832 3053 patre
855 3006 1005 3050 Horatio
1028 3004 1246 3041 facultatibus
1270 3005 1426 3048 modieis.
1471 3006 1526 3043 Ab
1549 3007 1688 3045 ὶοοιιιιιο
1711 3011 1806 3043 οιοιο
1829 3007 1922 3045 iuter
1941 3005 2055 3043 studia
2078 3004 2267 3047 adsumi
2286 3001 2441 3048 Atheus·
2464 3015 2549 3052 pro-

324 3069 448 3105 fectus
455 3065 696 3118 philosophias
719 3075 862 3111 operam
885 3062 1005 3100 dedit.
1038 3067 1157 3097 sectae
1179 3062 1320 3108 Epicuri
1353 3044 1463 3113 haesit
1493 3074 1607 3109 quae
1613 3069 1706 3101 tune
1717 3064 1907 3118 communis
1931 3062 2114 3111 multarum
2136 3061 2290 3109 ‘eutium
2313 3066 2400 3108 erat.
2447 3063 2548 3115 Bello

326 3126 388 3166 cin
359 3125 412 3159 sii!
436 3127 467 3159 ιιι
494 3122 700 3173 Macedonis
733 3122 799 3170 sub
823 3122 874 3158 M.
898 3108 1011 3157 Bruto
1044 3120 1200 3154 tribunus
1216 3121 1290 3153 -ιιιιΊι
1294 3127 1383 3154 tum:
1420 3110 1608 3177 Merces-tis
1632 3120 1755 3156 deinde
1775 3130 1885 3169 opera
1910 3119 2032 3153 Octavi
2002 3129 2057 3154 ιο
2082 3119 2224 3153 Caesari
2241 3119 2304 3162 qui
2327 3124 2451 3165 postea
2471 3109 2547 3155 Λιι-

326 3187 444 3224 gustus
428 3182 562 3216 sfuiit
552 3194 584 3217 ιο
609 3177 709 3220 amic·
680 3179 796 3218 citiam
821 3181 1018 3223 receptus.
1042 3168 1203 3212 Decessit
1225 3175 1362 3211 Romae
1386 3180 1511 3211 auuu'm
1535 3187 1660 3220 agens
1656 3168 1845 3212 Lxxvn.
1869 3176 1990 3211 relicto
2014 3174 2142 3211 herede
2163 3176 2334 3219 Augusto.
2381 3175 2547 3223 Sepultus

328 3246 366 3271 οι
350 3241 382 3270 ιι
405 3237 438 3271 ιιι
459 3247 581 3283 eampo
605 3237 742 3281 Exqulii
745 3247 792 3273 no
815 3236 849 3273 ιο
875 3234 962 3272 ortis
986 3226 1178 3269 Mece'uatis
1192 3235 1218 3252 ‘⁸
1265 3231 1317 3268 De
1339 3242 1377 3267 re
1379 3232 1484 3276 inquis
1497 3237 1624 3276 poetae
1633 3233 1727 3268 -Ὓῖιιο
1749 3243 1780 3267 v.
1803 3237 1873 3267 ιιοι.
1897 3235 1929 3266 5.
1949 3232 1994 3266 ad
2008 3230 2074 3268 Νι.
2087 3233 2145 3266 4ο.
2161 3231 2264 3276 Lips.
2275 3234 2310 3268 4.
