2737 3600
1356 143 1421 192 21

193 277 280 321 Sed
308 292 419 323 saec.
449 277 566 324 XVI.
595 277 751 321 demum
802 276 998 334 scriptum
1034 287 1132 317 esse
1177 273 1273 318 inde
1309 274 1488 332 colligo,
1533 275 1638 332 quod
1664 282 1759 334 post
1787 291 1839 336 op
1986 293 2010 322 o
2096 279 2180 325 ‘jn
2208 284 2419 337 postrema
2448 282 2562 324 volu.

191 345 311 397 minis
340 349 457 406 parte
472 345 632 390 fot-si
649 345 821 385 —1oa
835 339 1094 385 meranden
1108 353 1227 384 mn
1257 341 1434 401 scriptus
1464 345 1620 385 exstat:
1651 344 1772 387 Petra·
1796 345 1838 387 P
1915 348 1926 359 ·
1957 326 2134 409 rergfis
2156 346 2565 389 71⁶1in

196 414 437 458 merem
467 415 756 457 Gna-iem
783 410 910 452 Lo‘ber
937 410 993 451 de
1013 409 1207 462 noram,
1236 409 1303 466 qui
1329 409 1401 453 illo
1432 415 1544 453 certe
1572 410 1733 455 saeculo
1764 413 1882 456 confe
1953 427 1974 456 s
2004 427 2029 456 e
2054 416 2058 425 ‘
2140 412 2249 458 Nam
2277 413 2374 457 Pet.
2403 412 2563 456 Paulus

189 481 421 540 Vergens,
447 481 684 538 Episcopus
712 475 920 534 Capensis
947 475 1114 531 Istriae,
1142 476 1304 534 legatus
1332 476 1475 536 Papae
1504 478 1549 521 in
1575 477 1740 538 Imperii
1781 480 1887 523 comi
1905 480 1932 491 ''
2029 481 2346 525 ormatiensibus
2377 496 2416 525 a.
2448 481 2563 526 1641

190 548 333 605 affuit,
373 550 468 608 post
485 544 550 598 ‚ad
575 543 804 587 Lutherum
832 542 990 599 missus¹
1012 542 1056 586 in
1085 543 1174 602 ejus
1203 547 1355 604 partes·
1371 545 1535 588 transiit
1562 548 1604 587 et
1631 559 1670 589 a.
1702 546 1814 589 1565
1842 546 2067 606 Tubingae
2095 552 2278 591 mortuus
2309 553 2390 592 est.
2449 547 2565 591 Post

188 616 371 674 Vergeri
405 615 550 657 librum
579 611 629 655 de
658 612 838 654 moribus
876 611 1051 654 additum
1079 616 1145 655 est
1160 612 1326 668 Virgilii
1338 613 1561 669 Horetum,
1590 614 1666 657 fol.
1682 616 1768 658 166
1782 640 1836 648 -
1853 617 1951 658 los,
2010 614 2177 659 Textus
2208 630 2377 674 operum
2392 615 2562 660 Horatii

188 698 332 744 purus,
363 681 454 724 sine
484 678 653 723 scholiis
683 683 727 722 et
752 673 925 737 glossis,
954 692 1038 723 non
1065 678 1169 724 belle
1186 679 1356 737 quidem,
1384 680 1460 725 sed
1476 680 1596 739 plane
1616 684 1658 724 et
1673 680 1893 739 explicate,
1921 680 2084 740 vulgari
2099 686 2326 728 ati-amento
2343 681 2561 742 pallidiore

190 751 368 808 scriptus
408 746 627 804 eodemque
663 751 886 790 atramento
922 746 1055 790 lineae
1092 746 1234 790 ductae
1261 749 1460 792 26-86
1485 748 1529 791 in
1565 748 1739 806 singulis
1768 749 1961 808 paginis,
1999 749 2111 794 nullo
2151 764 2321 808 usquam
2350 750 2560 808 stigmate.

190 815 325 860 Tituli
352 819 395 858 et
420 814 581 858 litterae
611 814 845 873 eclogarum
872 813 1048 857 initiales
1077 814 1199 858 minio
1228 814 1378 874 pictae,
1405 814 1568 857 litterae
1596 829 1787 858 versuum
1814 816 1994 859 initiales
2014 816 2140 859 minio
2170 821 2352 861 notaue.
2383 817 2561 860 Librum

188 885 233 927 in
260 882 381 926 Italia
409 897 507 926 esse
537 882 744 941 scriptum,
772 882 865 941 ipsa
883 881 1200 941 orthographiae
1228 882 1335 925 ratio
1351 881 1547 937 declarat,
1575 882 1820 938 utnichil,
1848 883 2024 938 michi,
2055 898 2164 926 com
2193 885 2339 939 (cum),
2369 883 2559 928 mondo

189 949 392 1006 (mundo).
446 948 597 992 Modus
626 948 831 992 scribendi
857 950 1088 1005 recentior,
1116 956 1182 992 ut:
1211 948 1400 1003 millia,
1428 948 1666 1007 Jupiter,
1696 953 1789 1008 cett.
1844 950 1969 993 Nulla
1997 949 2208 993 distinctio
2237 951 2321 995 nisi
2348 965 2426 1010 per
2453 965 2557 1010 pun·

189 1023 320 1074 ctum,
350 1031 477 1075 eaque
505 1017 656 1062 rarior.
694 1041 752 1050 -
787 1017 828 1060 L
842 1018 1011 1072 ectio,
1052 1021 1097 1059 ut
1131 1017 1176 1059 in
1211 1016 1511 1060 recentioribus
1540 1014 1777 1075 plerisque,
1800 1016 1918 1060 valde
1947 1032 2092 1061 manca
2121 1021 2165 1060 et
2191 1016 2357 1061 vitiosa.
2415 1017 2560 1063 Verba

187 1086 344 1147 passim
381 1086 534 1130 omissa
577 1084 643 1128 vel
685 1085 961 1144 transposita,
1005 1098 1132 1143 saepe
1168 1082 1404 1142 depravata.
1469 1081 1631 1129 Versus
1675 1084 1795 1127 etiam
1833 1084 1968 1127 rarius
2009 1084 2157 1127 omissi
2193 1083 2262 1127 vel
2300 1085 2560 1144 transpositi.

192 1155 356 1198 Textus
387 1159 519 1196 tamen
548 1167 571 1195 e
599 1154 707 1196 bono
738 1152 961 1210 exemplari
981 1157 1111 1195 mscto
1144 1149 1285 1193 ductus
1316 1165 1414 1193 esse
1444 1149 1624 1205 videtur,
1653 1150 1949 1209 nonnullasque
1975 1151 2178 1195 lectiones
2207 1151 2333 1195 habet
2351 1153 2561 1210 proprias,

190 1238 214 1267 e
244 1222 384 1281 quibus
413 1221 488 1265 has
519 1234 808 1264 memoramus:
838 1217 873 1262 1.
889 1217 978 1262 Sat.
1009 1220 1053 1274 l,
1080 1219 1152 1261 48.
1180 1217 1312 1262 Forte
1340 1217 1492 1262 feras
1521 1218 1705 1262 humero.
1733 1220 1804 1262 81.
1832 1218 1939 1262 lecto
1960 1223 2001 1262 te
2032 1219 2237 1277 affigit.
2267 1221 2342 1263 ⁹7.
2369 1219 2561 1262 melius

190 1304 361 1334 servo.
390 1290 435 1344 8,
462 1290 533 1331 81.
560 1286 917 1345 liquidumque
945 1285 1186 1343 ligurrierit.
1212 1287 1259 1339 8,
1289 1287 1474 1341 19.quae
1502 1290 1711 1329 vexant.
1739 1285 1795 1328 Π.
1820 1285 1910 1328 Sat.
1939 1289 1983 1339 1,
2011 1288 2083 1329 26.
2143 1285 2224 1329 Cui
2252 1286 2358 1329 male
2388 1287 2428 1329 si
2457 1286 2563 1345 pal·

187 1371 328 1416 pare.
354 1358 424 1398 21.
470 1354 631 1406 Quanto
671 1359 755 1396 est
781 1353 950 1396 rectius.
979 1353 1033 1404 5,
1067 1353 1110 1395 8.
1139 1352 1273 1395 iamne
1302 1351 1504 1397 dolose.
1531 1352 1566 1395 1.
1595 1350 1730 1410 Epist.
1758 1355 1804 1407 8,
1832 1355 1875 1396 Ἴ.
1906 1353 2089 1396 scribere
2120 1354 2355 1412 sumpsit.
2386 1355 2460 1410 12,
2489 1355 2564 1397 21.

189 1438 263 1467 seu
289 1435 502 1482 porcum
540 1424 583 1462 et
620 1432 734 1477 cepe.
763 1421 835 1474 16,
864 1421 934 1462 17.
963 1418 1034 1461 Tu
1062 1422 1176 1461 recte
1214 1418 1380 1464 vives.
1418 1417 1475 1460 11.
1504 1417 1584 1476 Ep.
1613 1420 1657 1473 1,
1686 1420 1757 1463 88.
1787 1433 1844 1462 ac
1872 1419 2082 1463 luctamur.
2112 1420 2198 1463 Ars
2227 1425 2338 1479 poet.
2366 1423 2410 1465 7.
2440 1422 2562 1479 aegri

187 1489 465 1535 insomnia.
494 1487 593 1531 1⁸5.
622 1485 739 1531 Unde
768 1484 938 1545 pudor
965 1484 1216 1544 proferre
1245 1483 1436 1544 pedem.
1456 1485 1552 1527 185.
1581 1499 1676 1528 nec
1704 1499 1873 1544 pueros.
1901 1487 2001 1529 84⁰.
2032 1487 2311 1530 abstrahat
2339 1488 2445 1531 alvo.

299 1624 375 1680 22)
403 1622 565 1669 Drd.
595 1620 652 1667 ὅ.
684 1619 868 1664 Codex
894 1622 937 1666 5.
968 1621 1338 1664 bibliothecae
1365 1619 1572 1678 Regiae
1587 1619 1924 1663 Dresdensis
1954 1620 2193 1664 chartaceus
2223 1622 2266 1664 in
2283 1621 2354 1664 fol.
2373 1622 2485 1679 sign.
2501 1621 2561 1664 1).

186 1693 285 1735 141.
316 1690 482 1735 Saeculi
494 1688 591 1735 XV.
620 1690 807 1732 exeuntis
824 1694 913 1743 est;
942 1703 1034 1732 nam
1052 1703 1182 1732 annus
1203 1690 1316 1732 1489
1334 1687 1536 1731 indicatur
1549 1688 1592 1731 in
1606 1702 1703 1747 pag.
1718 1689 1789 1733 21.
1807 1693 1913 1730 extr.
1927 1693 1969 1731 et
1981 1690 2049 1731 22.
2066 1694 2173 1734 extr.
2188 1688 2357 1732 Horatii
2370 1689 2511 1732 Arte
2522 1703 2561 1731 m

186 1773 249 1820 po
263 1763 326 1803 et.
356 1758 431 1802 fol.
461 1761 487 1801 1
502 1782 560 1792 --
577 1759 642 1800 18.
673 1758 851 1810 exhibet,
881 1757 1115 1801 rudioribus
1145 1762 1187 1800 et
1215 1756 1489 1800 crassioribus
1517 1755 1667 1799 litteris
1697 1756 1905 1815 scriptam,
1936 1756 2103 1800 scholiis
2132 1761 2175 1799 et
2202 1756 2364 1815 glossis
2380 1757 2559 1801 obscuro

188 1832 231 1871 et
250 1830 440 1885 corrupto
469 1825 578 1868 illius
608 1824 754 1867 aetatis
785 1824 1022 1867 charactere
1040 1824 1205 1882 scriptis
1220 1824 1471 1866 instructam.
1531 1822 1726 1880 Sequitur
1738 1825 2090 1880 Petroniipoetae
2104 1824 2258 1867 Satira
2271 1838 2402 1881 usque
2419 1823 2471 1867 ad
2487 1824 2562 1867 fol.

185 1897 256 1939 21.
286 1893 457 1951 denique
476 1893 653 1935 Gau-men
669 1892 827 1934 Novem
844 1892 1058 1935 Musarum
1086 1890 1161 1935 sol.
1190 1892 1260 1934 21.
1289 1891 1360 1933 22.
1390 1889 1494 1933 satis
1522 1890 1728 1933 miserum.
1744 1888 1987 1934 Horatianis
2010 1890 2244 1950 subscripta
2256 1891 2384 1935 haec:
2413 1892 2565 1946 Qud-ts·

190 1963 333 2006 θνα-οἳ
355 1961 503 2004 macen·
529 1961 631 2003 liber
661 1960 719 2002 ad
746 1960 918 2002 Pisones
930 1961 1037 2015 finit
1054 1960 1273 2014 foeliciter
1301 1959 1460 2001 decim
1486 1958 1710 2000 Kalendas
1739 1957 1998 2000 Novembres.
2055 1957 2098 1999 N
2099 1972 2152 2000 on
2181 1959 2323 2016 magni
2338 1960 2560 2002 aestiman-

187 2029 262 2072 dus
293 2027 437 2071 codex.
468 2026 682 2085 Scriptura
709 2026 823 2069 rudis
834 2058 848 2080 ,
886 2025 1085 2068 immunda
1097 2058 1111 2079 ,
1147 2029 1319 2083 propter
1355 2024 1479 2067 multa
1508 2025 1618 2081 sigla
1646 2029 1689 2067 et
1716 2024 1953 2082 compendia
1981 2024 2204 2068 litterarum
2233 2025 2343 2069 lectu
2372 2025 2560 2070 difficilis

187 2101 230 2141 et
257 2094 459 2150 taediosa,
486 2108 615 2154 prava
643 2094 806 2137 omnino
839 2097 880 2136 et
909 2096 1102 2151 corrupta
1129 2090 1338 2144 librarium
1356 2089 1648 2149 negligentem,
1680 2089 1886 2134 indoctum
1916 2095 1959 2133 et
1975 2090 2202 2150 imperitum
2230 2091 2379 2151 prodit.
2417 2091 2560 2137 Verba

185 2165 341 2223 passim
371 2163 549 2217 omissa,
588 2161 838 2220 transposita
873 2160 940 2203 vel
977 2159 1211 2218 depravata.
1285 2157 1619 2216 orthographiae
1657 2159 1764 2202 ratio
1802 2159 1968 2202 misera.
1995 2158 2100 2205 Litt.
2127 2159 2159 2204 f.
2188 2173 2264 2217 pro
2295 2174 2334 2203 v.
2361 2160 2558 2218 frequen·

186 2231 370 2285 tissime,
407 2234 451 2272 ut
485 2229 630 2272 librum
666 2229 711 2271 in
740 2226 924 2271 Saxonia
953 2226 1147 2284 scriptum
1174 2229 1315 2284 putes:
1355 2225 1531 2283 fagus,
1559 2225 1721 2280 sete·
1746 2226 1864 2281 fite,
1892 2226 2039 2269 fetus
2068 2240 2145 2284 pro
2175 2240 2364 2284 vagus,
2393 2227 2558 2282 vitae,

185 2301 354 2354 vetet,
399 2299 564 2340 vetus.
602 2295 756 2339 orbes
795 2306 869 2354 pro
916 2293 1099 2345 urbes,
1140 2292 1400 2335 herostes
1439 2305 1517 2351 pro
1557 2291 1801 2336 Orestes.
1859 2291 2010 2334 Lectio
2040 2292 2141 2335 nihil
2169 2292 2262 2336 fere
2290 2294 2391 2336 novi
2420 2293 2559 2337 affert.

184 2367 326 2409 Pauca
361 2365 615 2407 notavimus:
657 2364 741 2405 Ars
771 2367 883 2420 poet.
914 2364 983 2404 16.
1015 2359 1051 2412 Q
1064 2360 1308 2404 uodlibet
1341 2359 1528 2404 audendi.
1559 2362 1658 2403 116.
1696 2365 1783 2403 aut
1829 2364 2016 2404 matrona
2053 2374 2093 2418 p.
2133 2365 2221 2403 aut
2260 2360 2418 2405 sedula.
2456 2363 2559 2407 m.

184 2431 413 2476 Edocuit
447 2445 726 2489 magnumque.
764 2430 862 2473 878.
893 2426 943 2473 Si
973 2426 1132 2486 paulum
1171 2440 1358 2471 summo
1397 2425 1682 2471 discessit.
1711 2428 1810 2470 414.
1836 2430 2024 2485 poemata
2061 2431 2235 2474 canto.
2258 2429 2361 2473 416.
2395 2428 2558 2472 Occu-

184 2514 210 2559 p
221 2504 273 2543 at
300 2503 538 2542 extremum.

297 2634 373 2686 28)
403 2630 553 2679 Gth.
583 2632 634 2678 I.
695 2629 880 2674 Codex
908 2632 947 2673 1.
976 2630 1343 2673 bibliothecae
1371 2629 1595 2674 Ducalis
1627 2628 1899 2673 Gothanae
1930 2628 2081 2675 Saec.
2111 2628 2208 2676 XV.
2225 2630 2557 2674 membranaceus

185 2704 229 2746 in
257 2704 300 2744 8.
332 2702 437 2758 ιιιειιῇ.Κ
459 2700 567 2757 sign.
596 2698 653 2741 11.
683 2698 758 2740 Nr.
790 2699 887 2740 1o1.
917 2695 1170 2755 (descriptus
1200 2698 1244 2740 in
1271 2697 1404 2740 libro:
1442 2696 1645 2755 Beitriige
1675 2712 1748 2739 zur
1776 2696 1907 2739 alteru
1935 2695 2170 2740 Litteratur
2199 2712 2282 2741 von
2295 2697 2450 2741 Jacobs
2476 2697 2559 2740 und

186 2770 333 2815 Ukert.
362 2769 512 2828 Leipz.
543 2768 667 2810 1885.
686 2763 784 2811 Vol.
813 2762 848 2808 1.
863 2763 991 2810 Fasc.
1019 2762 1077 2810 II.
1113 2778 1210 2824 pag.
1229 2765 1317 2807 284
1343 2779 1406 2808 nr.
1432 2763 1528 2822 64).
1554 2765 1614 2809 80
1641 2763 1754 2808 foliis
1785 2767 1961 2819 constat,
1993 2778 2161 2822 quorum
2181 2779 2301 2809 unum
2320 2765 2363 2809 in
2379 2762 2459 2807 111.
2479 2763 2558 2808 0d.

184 2841 255 2883 24.
276 2834 740 2898 praepostereligatum.
799 2830 1233 2877 ContinetOdarum
1261 2831 1436 2876 libros
1458 2830 1534 2877 lv.
1563 2830 1784 2891 Epodon
1802 2831 1900 2875 lib.
1930 2836 1976 2875 et
2006 2831 2172 2877 Carm.
2204 2846 2342 2879 saec.
2361 2831 2497 2875 Liber
2515 2833 2559 2876 iu

185 2906 418 2950 membrana
445 2903 558 2948 tenui
586 2907 628 2946 et
655 2900 825 2945 candida
851 2899 978 2943 nitide
1004 2900 1292 2957 eleganterque
1322 2900 1514 2957 scriptus.
1572 2899 1714 2942 Prima
1751 2901 1904 2957 pagina
1931 2900 2056 2943 limbo
2085 2901 2196 2959 picto
2227 2904 2372 2942 ornata
2401 2900 2559 2944 titulum

184 2974 309 3015 habet
324 2973 475 3028 litteris
492 2971 729 3030 capitalibus
748 2969 944 3011 inauratis
963 2968 1092 3011 hunc:
1123 2969 1272 3020 Quinti
1285 2968 1618 3010 Horatiimacm·
1636 2967 1834 3009 Vermina·
1849 2968 2028 3011 odarum
2040 2968 2167 3010 Liber
2187 2969 2351 3022 primu·
2369 2968 2429 3011 ad
2439 2968 2560 3012 Mae-

185 3048 374 3084 maten
389 3042 571 3096 equitem
586 3040 821 3083 Romanum
829 3038 1045 3093 foeliciter
1066 3038 1226 3092 accipit.
1281 3032 1474 3078 Litterae
1503 3031 1756 3092 singulorum
1784 3031 1978 3078 librorum
2006 3032 2186 3078 initiales
2216 3033 2328 3094 picta
2347 3033 2558 3079 coloribus

186 3107 326 3165 sigilla
353 3107 555 3161 referunt,
587 3104 707 3149 ductu
736 3105 958 3148 litterarum
986 3103 1196 3156 inaurat03
1225 3101 1388 3145 litterae
1417 3100 1655 3160 eclogarum
1682 3101 1860 3143 initiales
1903 3102 2028 3144 minio
2056 3102 2206 3159 pictae.
2265 3101 2445 3145 Tituli
2474 3104 2559 3145 sin-

184 3174 372 3232 gulorum
411 3174 629 3219 carminum
657 3178 700 3217 ct
726 3173 919 3216 librorum
959 3185 1116 3229 quoque
1153 3170 1293 3214 colore
1331 3168 1523 3214 caeruleo
1552 3169 1651 3227 picti
1681 3183 1706 3212 a
1735 3169 1938 3228 scriptura
1966 3167 2122 3213 codicis
2152 3169 2316 3214 omnino
2347 3168 2558 3224 differunt,
