2737 3600
1360 169 1427 219 14

197 307 291 353 dum
320 307 482 366 ubique,
511 318 594 347 non
624 301 732 355 «139
761 300 911 359 siglam
938 314 1016 360 pro
1047 316 1162 357 con,
1192 302 1299 362 quod
1328 317 1438 347 saec.
1468 301 1590 348 XIII.
1619 301 1891 360 frequentius,
1919 299 2059 360 priore
2087 301 2222 341 aetate
2250 298 2343 343 fere
2370 314 2396 345 u
2409 315 2430 345 s
2458 300 2581 346 finale

197 364 378 420 denotat.
407 387 422 419 ι
450 372 597 429 siglum
625 383 701 429 pro
733 367 776 411 ὧ
806 382 987 427 semper,
1017 374 1060 411 et
1087 371 1132 411 in
1161 372 1398 431 compositis
1429 371 1648 414 adhibitum
1675 370 1812 425 (iens,
1839 381 1971 421 mom,
1999 369 2094 412 habt
2116 380 2192 427 pro
2218 368 2395 423 etenim,
2429 374 2581 427 movet,

196 444 363 498 hahet);
395 440 543 497 sigium
569 448 641 486 ·-2-
668 451 744 496 pro
777 441 863 479 est
891 436 1014 479 etiam
1044 451 1122 479 usn
1151 440 1280 494 venit,
1312 438 1387 482 sed
1414 440 1566 482 rarius.
1598 439 1799 497 [longum
1816 453 1870 482 ex
1889 438 2052 495 antiquo
2083 435 2309 495 superioris
2339 437 2488 482 aetatis
2503 452 2580 481 usn

196 511 427 571 plerumque
458 510 691 560 servatum,
722 509 765 548 et
790 505 835 547 in
862 503 944 547 fine
973 517 1136 558 vocum,
1168 505 1237 547 ubi
1267 520 1287 548 s
1317 505 1534 549 rotundum
1563 507 1699 550 rarius
1730 511 1773 550 et
1801 521 1927 565 supra
1952 505 2101 548 lineam
2116 503 2261 547 elatum
2289 504 2356 557 (ιιι
2383 505 2581 561 comet)

197 591 273 621 usn
301 580 477 618 vetusto.
508 586 530 618 ι.
553 588 711 631 quoque
752 573 890 616 littera
918 571 1080 628 ubique,
1110 585 1195 613 non
1224 586 1273 625 r,
1305 586 1408 627 qnae
1437 573 1623 630 vulgaris
1654 578 1721 616 est
1749 589 1860 616 saec.
1887 572 2008 615 XIII.
2066 572 2135 614 Ex
2161 572 2226 614 his
2258 571 2443 614 omnibus
2472 571 2578 614 indi-

195 645 271 689 ciis
303 644 450 699 (etiam
477 642 612 686 lineas
644 641 739 686 stilo
771 641 936 695 ductas,
972 652 1058 683 non
1089 651 1262 681 cerussa
1290 638 1358 681 vel
1386 638 1528 683 colore
1556 641 1690 698 pictas
1721 642 1759 685 si
1788 641 1986 695 addimus,
2017 654 2118 697 quae
2149 654 2174 683 a
2203 653 2312 683 saec.
2341 637 2461 683 XIII.
2491 638 2577 684 fre-

197 711 383 770 quentari
412 710 664 768 coeperunt)
694 708 746 752 ad
774 709 891 752 initia
920 706 1074 751 saeculi
1094 704 1213 751 XIII.
1230 705 1336 748 hunc
1352 705 1533 748 codicem
1550 707 1777 765 pertinere,
1808 713 1921 751 certe
1945 708 2166 766 colligitur.
2205 731 2261 740 —
2298 707 2578 766 Interpon-

196 779 306 823 ctio
338 777 665 837 simplicissima3
695 781 861 837 praeter
888 780 1076 835 punctum
1106 787 1187 817 una
1215 774 1305 816 fere
1335 772 1543 817 distinctio
1574 773 1594 829 (
1607 774 1670 829 e)
1701 788 1804 831 quae
1823 789 1899 833 pro
1916 780 2128 831 commate,
2159 775 2266 831 colo,
2296 772 2581 833 interrogandi

196 849 319 906 signo
351 850 473 901 (raro
509 847 574 899 ς’)
604 846 730 888 valet.
759 868 815 876 —
847 843 1252 901 orthographia
1287 856 1465 884 vocum
1493 842 1538 883 in
1576 841 1713 883 multis
1753 843 1956 899 antiquam
1994 844 2195 885 rationem
2233 844 2441 901 seqnitur,
2469 842 2581 885 velut

194 915 357 969 milia,
387 914 572 973 pelex,
607 929 784 968 sucus,
814 912 985 967 belua,
1016 917 1189 965 carta,
1221 916 1371 953 artus
1402 912 1498 969 (pro
1519 911 1692 964 arctus),
1723 909 1953 963 Bachus‚
1986 916 2070 952 set
2097 926 2173 969 pro
2196 911 2285 967 sed,
2316 914 2509 971 (saepe);
2537 911 2580 954 in

195 982 330 1026 multis
349 996 479 1041 prava
496 986 538 1024 et
558 983 824 1033 inconstans3
844 980 1063 1038 praecipue
1083 980 1125 1021 in
1145 979 1283 1021 littera
1295 979 1322 1021 h
1339 977 1537 1032 addenda,
1559 977 1626 1020 vel
1638 977 1859 1020 omittenda
1873 978 1976 1019 mira
1987 978 2213 1033 temeritas,
2231 980 2325 1022 utin
2337 984 2579 1023 commutan-

195 1050 259 1094 dis
277 1050 431 1093 litteris
451 1063 474 1092 c
496 1053 538 1092 et
559 1054 589 1104 t,
620 1050 696 1091 iet
712 1062 753 1106 y.
786 1047 871 1091 Sed
886 1048 988 1090 mira
1018 1047 1248 1090 constantia
1266 1047 1308 1089 in
1330 1044 1545 1096 servandis
1577 1058 1672 1088 con
1702 1049 1744 1088 et
1772 1045 1826 1088 in
1855 1048 1949 1087 ante
1979 1044 2019 1099 b,
2049 1058 2093 1103 p,
2124 1058 2161 1088 e.
2192 1045 2337 1101 [Adeo
2372 1048 2581 1104 Carmanis

194 1122 390 1177 Inls‘rs‘cs's,
424 1120 621 1173 Ponpejo,
651 1117 947 1171 Enpedoclen),
976 1116 1021 1157 in
1049 1114 1270 1158 inserenda
1298 1129 1322 1172 p
1352 1115 1461 1156 inter
1488 1128 1589 1168 mn,
1619 1127 1706 1168 ms,
1735 1118 1802 1155 mt
1829 1118 1871 1155 et
1898 1113 1940 1155 in
1970 1112 2173 1156 eiicienda
2199 1113 2217 1156 i
2243 1114 2288 1156 in
2316 1115 2579 1173 compositis:

197 1269 277 1297 nus
307 1253 542 1309 diligentem
569 1251 780 1293 librarium
808 1248 967 1307 prodit3
1007 1249 1052 1290 in
1083 1248 1349 1291 Sermonibus
1390 1254 1433 1291 et
1460 1248 1664 1307 Epistolis
1694 1248 1899 1305 aliquanto
1931 1249 2085 1291 rectior
2114 1254 2157 1291 et
2184 1248 2438 1292 emendatior
2466 1264 2582 1306 qnam

197 1320 444 1377 inLyricis.
479 1317 566 1362 Sed
596 1332 647 1360 ea
675 1323 813 1360 tamen
841 1317 974 1359 minus
1005 1320 1121 1358 casta
1150 1321 1192 1359 et
1219 1330 1322 1373 pura
1350 1331 1467 1373 quam
1495 1317 1540 1360 in
1569 1316 1879 1373 antiquioribus.
1938 1315 2120 1373 Legitur
2149 1316 2256 1359 enim
2273 1330 2313 1359 v.
2338 1330 2374 1361 c.
2405 1322 2581 1360 canta-

197 1385 411 1430 toribus
441 1397 518 1443 pro
550 1384 805 1438 cantoribus,
835 1381 1161 1441 deprehendi
1189 1395 1265 1441 pro
1296 1381 1510 1441 deprendi,
1540 1383 1730 1426 amicia
1757 1396 1833 1442 pro
1868 1383 2060 1439 amicitia,
2091 1382 2474 1427 summovisses
2502 1397 2580 1442 pro

197 1467 467 1507 summosses,
498 1452 801 1511 expectabo
830 1465 906 1510 pro
938 1455 1155 1509 exspecto,
1185 1451 1497 1508 interrogat
1523 1465 1598 1509 pro
1628 1456 1768 1509 rogat,
1798 1451 1978 1509 inquit
2005 1466 2080 1510 pro
2112 1452 2239 1509 quatit
2268 1450 2318 1508 (1.
2335 1450 2411 1495 Od.
2429 1453 2499 1507 16,
2519 1452 2583 1508 ὖ).

195 1521 336 1568 Voces
374 1520 484 1564 haud
521 1534 619 1564 raro
660 1520 865 1574 omissae,
903 1518 1105 1561 interdum
1146 1518 1306 1561 additae
1345 1518 1412 1562 vel
1450 1533 1577 1578 pravo
1610 1518 1754 1563 ordine
1784 1519 1979 1578 scriptae,
2010 1520 2175 1579 saepius
2205 1520 2326 1563 etiam
2356 1524 2582 1564 correctae.

193 1590 427 1633 Lectiones
457 1587 745 1632 memorabiles
774 1586 990 1630 nonnullas
1021 1587 1087 1629 hic
1128 1585 1281 1628 afferre
1321 1586 1456 1629 liceat.
1483 1586 1560 1630 III.
1602 1586 1679 1631 od.
1707 1589 1752 1642 7,
1781 1589 1851 1632 22.
1882 1601 2008 1631 voces
2039 1589 2266 1648 spernit.
2297 1590 2368 1644 14,
2395 1589 2438 1631 8.
2467 1588 2580 1631 sim-

194 1659 340 1718 plice
380 1659 509 1700 vita.
538 1657 613 1701 IV.
642 1660 687 1710 6,
716 1658 792 1701 88.
820 1656 1158 1699 noctilucam.
1189 1655 1324 1713 Epod.
1354 1659 1396 1709 1,
1425 1657 1496 1699 26.
1526 1657 1707 1699 nitantur
1734 1670 1856 1702 mea.
1885 1660 1929 1711 2,
1958 1658 2001 1700 5.
2031 1657 2208 1699 classico
2237 1661 2290 1699 ιιι
2316 1656 2433 1699 miles
2462 1657 2581 1699 truci.

194 1728 241 1782 6,
267 1728 341 1772 87.
370 1725 616 1768 Exsucta
655 1724 728 1768 uti.
761 1725 833 1779 18,
860 1726 902 1765 9.
937 1729 979 1766 et
1015 1723 1096 1766 fide
1134 1723 1462 1767 mercuriali.
1501 1723 1537 1769 I.
1567 1723 1656 1767 Sat.
1695 1726 1739 1779 2,
1767 1726 1839 1768 ὅθ.
1878 1725 2064 1767 munifico
2103 1738 2200 1767 esse
2241 1724 2407 1770 decet.
2435 1726 2480 1779 4,
2508 1725 2580 1770 2⁶.

197 1792 334 1836 media
362 1807 489 1835 erue
518 1792 650 1834 turba.
678 1793 749 1833 26.
779 1790 867 1832 Aut
896 1792 955 1833 ab
986 1791 1225 1833 avaritia
1252 1790 1310 1835 11.
1342 1790 1431 1836 Sat.
1462 1795 1504 1845 1,
1542 1794 1615 1837 ⁷1.
1643 1792 1687 1834 in
1717 1798 1880 1833 secreta
1908 1798 2153 1834 remorat.
2181 1794 2236 1846 8,
2260 1795 2329 1841 85.
2356 1794 2581 1850 sapientem

199 1875 449 1905 crescere
477 1859 656 1903 barbam.
686 1857 721 1902 1.
742 1857 879 1918 Epist.
908 1859 1064 1914 16,49.
1092 1857 1379 1915 renuitque
1407 1863 1676 1917 negatque
1703 1856 1968 1903 Sabellus.
1997 1858 2053 1904 A.
2073 1862 2240 1919 poeti).
2271 1860 2580 1906 fictoribus.

197 1931 299 1973 220.
325 1928 445 1972 vilem
475 1927 719 1971 cantavit
748 1927 799 1970 ob
834 1926 1005 1971 hircum.
1033 1928 1132 1972 289.
1162 1938 1262 1969 non
1291 1926 1456 1970 virtute.

309 2064 385 2118 14)
413 2061 601 2109 Deos.
630 2060 690 2108 8.
721 2059 906 2106 Codex
933 2063 975 2105 8.
1003 2061 1371 2105 bibliothecae
1400 2061 1623 2106 Ducalis
1652 2061 2050 2108 Dessaviensis
2080 2063 2300 2109 membran.
2324 2063 2455 2108 insvo
2484 2064 2581 2111 min.

196 2132 305 2190 sign.
334 2130 414 2173 Nr.
448 2127 500 2172 C.
529 2129 779 2187 tegumentis
820 2129 912 2171 alba
951 2128 1184 2171 membrana
1213 2128 1414 2184 obductis,
1445 2130 1561 2186 cujus
1590 2129 1835 2173 lectionibus
1866 2130 2069 2173 Obbarius
2107 2136 2175 2174 est
2201 2146 2301 2174 usus
2339 2130 2405 2188 (V.
2434 2131 2582 2177 Praef.

192 2199 329 2258 Epist.
358 2213 398 2257 p.
426 2197 543 2273 IX...)
569 2198 630 2239 55
646 2196 761 2240 foliis
781 2201 960 2251 constat,
990 2211 1158 2253 quorum
1186 2197 1356 2254 primum
1384 2197 1563 2239 mutilum
1592 2202 1672 2252 est,
1701 2198 1858 2254 reliqua
1885 2199 2066 2256 integra,
2094 2199 2281 2255 margine
2302 2199 2406 2241 satis
2432 2199 2580 2257 amplo,

193 2266 238 2311 in
268 2279 346 2325 quo
384 2264 542 2326 passim
582 2263 742 2308 scholia
781 2262 976 2321 quaedam
1013 2262 1081 2307 vel
1119 2267 1361 2322 argumenta
1389 2263 1623 2323 eclogarum
1665 2263 1733 2308 vel
1762 2263 1948 2323 singqu
1980 2265 2206 2310 sententias
2235 2264 2483 2311 illustrantia
2510 2264 2581 2311 ad-

197 2335 369 2393 scripta,
398 2334 521 2376 etiam
549 2333 722 2391 glossae
751 2333 862 2375 inter
888 2332 1021 2374 lineas
1049 2332 1223 2390 passim,
1252 2345 1337 2374 non
1365 2332 1425 2374 ita
1452 2333 1704 2389 frequentes.
1762 2332 2003 2375 Membrana
2029 2333 2263 2392 plerumque
2291 2334 2384 2376 alba
2411 2339 2454 2377 et
2478 2335 2582 2377 satis

194 2403 346 2445 tenuis.
407 2400 567 2444 Indicia
594 2401 662 2444 vel
690 2400 850 2460 patriae
881 2399 960 2442 vel
977 2400 1126 2441 aetatis
1155 2399 1222 2441 vel
1248 2400 1512 2458 possessoris
1543 2401 1707 2443 omnino
1737 2400 1897 2445 desunt.
1927 2426 1981 2435 —
2010 2401 2092 2444 Hic
2121 2401 2254 2448 codex
2271 2416 2351 2445 una
2365 2402 2583 2460 eademque

196 2484 315 2513 manu
345 2470 396 2514 ab
426 2469 545 2513 initio
587 2483 718 2528 usque
758 2468 811 2513 ad
849 2468 974 2512 finem
1005 2467 1183 2527 scriptus
1212 2467 1391 2512 Artem
1421 2472 1560 2528 poet.
1607 2466 1824 2513 Satiras
1855 2474 1897 2513 et
1923 2468 2206 2529 Epistolas
2235 2469 2353 2514 modo
2384 2471 2582 2528 continet,

195 2553 272 2580 nec
302 2553 374 2580 eas
404 2538 607 2595 integras.
665 2537 953 2580 Praemittitur
982 2536 1069 2578 Ars
1112 2541 1222 2593 poet.
1256 2537 1372 2593 cujus
1402 2536 1560 2579 initium
1588 2537 1778 2580 mutilum.
1838 2537 2071 2595 Sequuntur
2095 2538 2336 2594 Sermones,
2367 2554 2447 2583 uno
2476 2540 2582 2583 libro

192 2605 325 2662 juncti
365 2606 439 2648 sub
479 2605 619 2649 titulo:
658 2607 813 2663 Incipit
853 2606 958 2648 liber
988 2604 1234 2647 Sermonum
1273 2607 1404 2647 oratii
1410 2619 1422 2657 3
1465 2603 1679 2648 deficiente
1716 2609 1833 2664 parte
1874 2606 2027 2650 satirae
2055 2610 2099 2652 4.
2126 2606 2222 2650 libri
2249 2606 2284 2652 I.
2312 2621 2353 2653 v.
2380 2609 2440 2651 48
2455 2610 2584 2651 -08

196 2670 318 2727 (folio
360 2685 438 2714 uno
475 2673 584 2728 inter
622 2673 653 2716 f.
683 2672 928 2729 17—18),
958 2676 1042 2714 tum
1079 2672 1234 2729 majore
1272 2676 1389 2730 parte
1418 2671 1512 2714 libri
1553 2671 1609 2716 H.
1640 2687 1665 2715 a
1693 2672 1784 2719 Sat.
1811 2675 1852 2724 8,
1885 2676 1966 2717 181
1985 2677 2098 2731 -8,
2126 2676 2198 2718 88.
2256 2674 2344 2717 Eas
2374 2674 2583 2735 excipiunt

193 2739 411 2798 Epistolae
440 2752 522 2780 uno
550 2740 655 2782 libro
679 2742 848 2797 junctae
879 2741 955 2782 sub
986 2740 1049 2782 tit.
1078 2740 1234 2795 Incipit
1261 2742 1365 2781 liber
1391 2742 1694 2796 Epistularum,
1724 2741 1799 2782 sed
1826 2742 1943 2800 ipsae
1971 2743 2150 2797 mutilae,
2180 2742 2461 2784 deficientibus
2477 2742 2581 2784 locis

194 2807 273 2865 Ep.
303 2806 339 2849 Ι.
369 2808 414 2860 2,
443 2808 572 2848 89—
589 2822 653 2863 ep.
672 2811 744 2862 12,
775 2810 833 2850 15
859 2812 901 2850 et
928 2807 1008 2865 Ep.
1038 2805 1095 2849 II.
1125 2810 1166 2861 1,
1202 2810 1429 2864 172-ep.
1445 2810 1537 2863 2,8.
1591 2809 1783 2866 Paginae
1813 2824 1954 2852 omnes
1986 2810 2192 2868 simplices
2222 2810 2375 2851 habent
2389 2822 2582 2852 versuum

195 2874 418 2919 columnas,
478 2872 642 2919 Versus
680 2874 724 2916 in
762 2874 937 2932 singulis
966 2874 1132 2933 paginis
1162 2876 1219 2918 27
1232 2908 1245 2930 ,
1284 2875 1503 2919 secundum
1541 2876 1774 2934 stigmatum
1802 2891 2011 2920 numerum
2040 2876 2092 2919 ad
2120 2876 2346 2933 marginem
2374 2875 2581 2931 foliorum,

197 2943 341 3001 scripti
379 2946 476 2985 sunt
504 2942 615 2985 inter
650 2941 784 2985 lineas
816 2942 910 2985 stilo
941 2941 1084 2985 ductas
1115 2947 1156 2984 et
1182 2943 1423 3002 impressas,
1454 2944 1616 2987 clausas
1645 2945 1845 3002 utrimque
1874 2945 1981 2988 binis
2010 2944 2133 2987 lineis
2161 2942 2582 3003 perpendicularibus,

193 3010 345 3053 litteris
384 3015 520 3053 tamen
558 3008 785 3053 initialibus
821 3008 1013 3069 proxime
1053 3023 1141 3052 cum
1177 3014 1291 3055 textu
1321 3012 1521 3056 connexis
1535 3045 1549 3068 ,
1592 3026 1669 3072 per
1697 3026 1798 3070 quas
1829 3025 1971 3055 omnes
2000 3011 2045 3054 in
2075 3010 2251 3069 singulis
2279 3011 2445 3071 paginis
2471 3011 2583 3064 linea

194 3079 321 3121 rubra
349 3077 575 3123 descendit.
604 3078 890 3122 Ati-amentum
908 3091 1039 3134 paene
1059 3078 1232 3133 fuscum,
1260 3084 1306 3122 ιιι
1333 3081 1377 3123 in
1404 3081 1580 3124 vetustis
1596 3081 1754 3124 msctis.
1782 3080 1973 3124 Litterae
1994 3079 2229 3137 eclogarum
2241 3080 2421 3124 initiales
2439 3094 2580 3125 omnes

195 3146 320 3190 minio
349 3146 495 3205 pictae.
556 3146 737 3191 Tituli
764 3145 902 3206 pauci,
932 3159 959 3188 a
986 3146 1219 3205 posteriore
1248 3160 1367 3191 mann
1395 3144 1520 3192 minio
1551 3148 1695 3208 scripti
1722 3148 1766 3192 in
1788 3146 1876 3192 Sat.
1903 3146 1941 3194 1.
1957 3149 1997 3190 1.
2030 3149 2073 3192 2.
2100 3149 2196 3195 8.4.
2213 3152 2256 3192 et
2267 3149 2310 3194 0.
2328 3149 2579 3208 praepositi3

195 3216 239 3258 in
267 3213 437 3273 reliquis
475 3220 519 3257 et
546 3214 699 3258 SatirIs
729 3218 772 3258 et
798 3212 1003 3275 Epistolis
1042 3214 1249 3274 plerisque
1279 3214 1437 3259 desunt.
1469 3240 1524 3248 —
1564 3215 1780 3277 Scriptura
1815 3216 1936 3274 hujus
1974 3214 2064 3259 cod.
2105 3216 2273 3260 brevior
2301 3221 2344 3260 et
2369 3217 2580 3277 pinguior,
