2737 3600
1326 160 1362 206 4

153 299 266 344 Idem
287 300 378 343 fere
396 296 432 341 Ο
444 297 505 340 bb
517 298 628 338 ario
652 298 815 348 nostro,
843 293 937 338 viro
958 293 1110 336 eximia
1130 291 1340 335 doctrinae
1359 291 1479 350 copia
1499 289 1765 350 praecellenti
1783 296 1826 335 et
1842 291 2007 337 Horatii
2028 293 2242 352 interpreti
2264 294 2535 351 praestantis-

157 370 279 423 simo,
307 368 351 411 in
380 364 628 422 amplissima
645 361 924 420 Epistularum
944 361 1124 409 editione
1151 359 1355 403 accidisse
1389 357 1529 414 video,
1560 362 1604 401 ut
1621 358 1823 401 lectiones
1843 360 2074 419 plerumque
2097 365 2314 419 excerptas
2335 374 2411 419 pro
2431 361 2536 420 ipsis

155 436 297 478 msctis
328 431 600 489 usurpaverit.
660 428 876 472 Gesnerus
898 428 1054 487 quidem
1082 426 1134 469 ad
1152 426 1327 469 Baxteri
1347 425 1410 469 ed.
1429 440 1468 469 a.
1489 427 1600 468 1751
1619 425 1730 483 typis
1748 427 1965 483 repetitam
1989 428 2170 471 codicem
2189 426 2375 484 Gotting.
2397 430 2446 470 1..
2455 442 2534 470 no·

158 509 282 546 strum
299 498 581 556 negligentius
604 502 646 540 et
664 497 841 555 singulis
861 495 980 540 modo
999 495 1105 539 locis
1126 494 1321 538 adhibuit.
1351 493 1440 537 Nec
1449 507 1549 537 vero
1560 492 1761 551 poenituit
1771 492 1954 539 codicem
1964 495 2237 541 Turicensem
2250 495 2300 538 ab
2322 493 2535 538 Orellio

156 569 207 616 V.
239 568 305 613 Cl.
333 581 416 610 non
445 566 594 624 ubique
622 566 726 609 satis
754 565 972 623 diligenter
997 577 1238 618 excussum,
1266 561 1317 605 ad
1344 566 1513 606 nostros
1542 575 1642 605 usus
1663 559 1795 604 denuo
1821 562 2061 608 contulisse.
2122 562 2320 618 Quantum
2338 562 2445 606 enim
2457 576 2533 607 vco-

151 636 268 680 dices
296 637 414 693 ipsos
445 633 687 691 inspexisse
717 637 917 692 praestet,
945 632 982 673 is
1005 630 1127 673 facile
1157 644 1310 673 mecum
1332 630 1496 684 sentiet,
1526 629 1750 686 quicunque
1771 628 1823 672 ad
1853 631 2070 688 scriptoris
2096 633 2251 675 veteris
2280 631 2448 688 alicujus
2472 629 2535 672 le-

156 704 331 747 ctionem
351 715 444 756 eos,
477 701 700 761 praecipue
722 700 989 754 vetustiores,
1019 697 1260 740 adhibuerit.
1298 697 1395 741 Non
1423 697 1528 739 enim
1547 696 1748 753 antiquam
1770 696 1901 740 solum
1919 697 2077 741 librarii
2096 714 2253 742 manum
2273 713 2299 742 a
2315 697 2536 741 correctio-

153 773 274 814 nibus
303 770 538 827 posteriore
569 784 695 811 manu
717 769 845 811 factis.
867 768 990 810 facile
1018 766 1252 821 discernet,
1281 780 1398 822 quam
1425 780 1512 808 rem
1542 780 1625 807 non
1662 765 1764 807 satis
1793 764 2006 808 attendere
2036 768 2299 826 conferentes
2321 766 2466 814 solent,
2496 771 2538 807 et

155 837 259 895 quod
286 835 502 894 permagni
529 836 687 890 refert,
727 833 1060 892 orthographiam
1087 848 1229 877 vocum
1258 832 1379 876 nimis
1411 830 1540 875 adhuc
1576 830 1805 888 neglectam
1836 831 2097 888 observabit,
2127 833 2203 878 sed
2239 839 2362 878 totam
2383 830 2536 877 codicis

152 904 300 949 faciem
330 908 373 947 et
390 901 583 956 indolem,
613 901 840 945 litterarum
870 899 1030 957 ductus,
1059 900 1218 944 librarii
1237 898 1585 955 consuetudinem,
1612 897 1711 941 vitia
1729 897 1795 941 vel
1817 898 2008 955 virtutes,
2032 899 2235 944 inscitiam
2256 914 2304 945 ac
2322 899 2536 960 negligen-

152 974 248 1014 tiam
276 973 345 1014 vel
375 985 514 1013 curam
533 984 581 1012 ac
598 971 785 1027 peritiam
803 970 846 1012 in
865 969 1099 1023 scribendo,
1125 970 1294 1025 ipsaque
1322 968 1478 1010 scholia
1498 972 1540 1009 et
1558 967 1725 1023 glossas
1743 967 1925 1009 insertas
1945 968 2150 1010 curiosius
2169 973 2425 1025 persecutus,
2454 981 2537 1010 non

152 1040 284 1083 solum
316 1039 368 1083 de
398 1038 495 1084 libri
524 1036 591 1079 vel
611 1040 744 1079 aetate
763 1035 829 1079 vel
856 1036 1005 1095 patria,
1034 1034 1109 1079 sed
1125 1034 1176 1078 de
1195 1035 1284 1093 ejus
1303 1033 1476 1077 utilitate
1501 1032 1553 1076 ad
1572 1028 1722 1091 κρίσιν
1730 1032 1887 1090 majore
1906 1031 1973 1075 vel
1981 1031 2137 1077 minore
2153 1035 2366 1094 probiliter
2379 1032 2536 1093 judica-

151 1108 235 1161 bit;
265 1120 367 1165 quae
402 1105 535 1148 omnia
570 1105 609 1145 ei
634 1104 678 1145 in
712 1103 871 1145 occulto
900 1117 1067 1144 manere
1084 1115 1260 1144 necesse
1280 1106 1362 1157 est,
1396 1101 1463 1158 qui
1489 1100 1696 1159 excerptis
1719 1098 1838 1142 modo
1855 1099 2101 1143 lectionibus
2120 1103 2258 1146 utitur.
2315 1102 2411 1145 Non
2430 1102 2536 1145 enim

152 1181 198 1217 ut
224 1176 393 1231 quisque
420 1173 525 1215 liber
555 1174 620 1212 est
646 1169 970 1225 antiquissimus,
1000 1170 1059 1211 ita
1087 1169 1278 1213 continuo
1309 1169 1351 1210 in
1382 1168 1544 1226 optimis
1573 1166 1799 1211 habendus.
1856 1165 1994 1225 Saepe
2023 1169 2129 1211 enim
2148 1171 2298 1222 evenit,
2328 1174 2372 1212 ut
2387 1168 2452 1213 vel
2474 1169 2535 1211 in-

154 1242 290 1300 signis
320 1242 521 1283 vetustate
547 1235 681 1279 codex-
705 1235 810 1278 male
839 1249 887 1279 ac
913 1235 1178 1294 negligenter
1205 1235 1256 1278 ab
1289 1235 1477 1293 imperito
1506 1234 1675 1278 librario
1707 1235 1884 1294 scriptus
1913 1235 2057 1294 exigui
2082 1234 2134 1278 ad
2161 1236 2287 1280 crisin
2315 1237 2437 1295 pretii
2467 1236 2535 1290 sit,

153 1315 297 1351 contra
323 1307 388 1348 vel
412 1305 623 1347 recentior
652 1318 676 1344 a
695 1304 865 1344 librario
895 1304 1029 1358 perito
1051 1317 1099 1344 ac
1119 1302 1332 1358 diligenti,
1359 1316 1408 1344 ac
1433 1303 1652 1359 praecipue
1673 1316 1726 1343 ex
1746 1302 1856 1344 bono
1878 1309 1921 1344 et
1946 1308 2106 1345 vetusto
2131 1303 2353 1360 exemplari
2380 1303 2534 1346 descri-

150 1382 244 1435 ptus
274 1374 442 1419 maximi
470 1386 597 1430 saepe
626 1367 903 1414 aestimandus
921 1367 1123 1415 videatur.
1184 1367 1257 1413 Sic
1278 1382 1346 1413 ex.
1377 1383 1443 1427 gr.
1472 1367 1605 1413 codex
1621 1366 1851 1413 Bernensis
1872 1384 1909 1414 a.
1927 1384 1991 1414 nr.
2023 1370 2110 1413 868
2138 1369 2310 1414 omnium
2339 1370 2532 1429 antiquis·

152 1444 304 1497 simus,
354 1439 430 1484 sed
456 1438 570 1482 vitiis
604 1438 735 1481 omnis
763 1436 932 1495 generis
961 1440 1153 1491 scatens,
1189 1449 1332 1495 parum
1361 1435 1548 1478 utilitatis
1583 1434 1720 1479 affert.
1781 1434 1939 1478 Contra
1968 1435 2154 1494 Gotting.
2184 1439 2396 1480 1.·noster
2421 1451 2530 1480 saec.

152 1524 227 1553 xv,
256 1508 448 1552 lectionis
476 1507 654 1565 puritate
688 1509 729 1547 et
750 1505 990 1561 integritate
1019 1508 1220 1562 praestat,
1249 1507 1291 1545 et
1311 1502 1522 1546 Gothanus
1542 1505 1584 1545 2.
1604 1507 1749 1545 noster
1772 1509 1836 1545 nr.⁴
1859 1506 1931 1545 61.
1953 1504 2193 1546 chartaceus
2217 1519 2326 1547 saec.
2348 1518 2424 1548 XV.
2451 1506 2538 1559 (cu-

145 1580 215 1635 jus
235 1575 531 1635 praestantiam
551 1572 755 1616 Obbarius
785 1585 942 1628 quoque
974 1571 1147 1628 agnovit
1167 1569 1218 1614 ad
1236 1569 1272 1614 1.
1293 1569 1369 1628 Ep.
1390 1571 1502 1625 157.
1519 1584 1561 1629 p.
1578 1572 1647 1615 12.
1667 1570 1732 1613 cui
1759 1569 1960 1614 lectiones
1989 1570 2084 1614 inde
2109 1575 2329 1629 excerptae
2348 1573 2535 1630 contige-

133 1646 260 1698 runt)
292 1643 433 1700 magni
464 1642 628 1683 omnino
663 1636 898 1686 habendus,
937 1642 1077 1695 utpote
1111 1638 1177 1694 qui
1210 1652 1264 1680 ex
1294 1637 1572 1679 vetustissimo
1601 1636 1734 1693 aliquo
1754 1636 1979 1695 exemplari
1998 1637 2199 1696 originem
2221 1637 2395 1683 duxerit.
2452 1638 2536 1682 Hic

151 1704 283 1755 codes
311 1710 380 1753 vel
405 1707 562 1752 idcirco
587 1705 863 1750 memorabilis
893 1719 940 1748 ac
959 1702 1256 1763 praedicandus
1279 1703 1452 1757 videtur,
1487 1703 1592 1761 quod
1611 1703 1828 1748 lectionem
1845 1704 1954 1747 iilam
1975 1718 2000 1747 a
2018 1702 2198 1763 Cruquio
2218 1704 2312 1749 olim
2331 1705 2373 1749 in
2394 1703 2536 1750 codice

152 1778 328 1822 omnium
361 1775 643 1834 antiquissimo
674 1772 892 1816 Blandinio
932 1776 1163 1830 repertam,
1207 1776 1304 1832 post
1327 1772 1447 1829 hujus
1477 1772 1682 1815 interitum
1711 1772 1754 1815 in
1783 1772 1966 1816 omnibus
2000 1772 2170 1830 reliquis
2198 1773 2340 1816 msctis
2377 1773 2534 1818 flustra

152 1847 404 1904 quaesitam,
443 1844 531 1886 Sat.
560 1842 598 1896 Ι,
627 1845 671 1896 6,
702 1843 801 1882 126.
832 1841 987 1896 fugio
1030 1853 1255 1897 campum
1293 1840 1568 1896 lusumque
1614 1841 1905 1896 trigonem,
1944 1840 2050 1896 quod
2081 1842 2207 1883 sciam
2227 1855 2331 1884 unus
2360 1843 2532 1885 omnium

153 1916 219 1969 qui
256 1918 437 1963 exstant,
463 1913 505 1952 in
537 1915 647 1951 textu
674 1910 893 1963 integram,
923 1908 1013 1949 sine
1045 1922 1193 1949 rasura
1221 1907 1401 1958 exhibet,
1429 1906 1536 1949 unde
1566 1922 1657 1949 eum
1695 1922 1749 1949 ex
1775 1907 1897 1950 simili
1924 1907 2056 1964 ipsius
2087 1908 2220 1963 aliquo
2249 1909 2528 1952 vetustissimo

154 1978 378 2038 exemplari
390 1990 486 2020 esse
506 1974 769 2034 descriptum,
789 1978 903 2017 recte
927 1971 1146 2032 colligitur.
1162 1970 1260 2016 Non
1268 1986 1377 2032 nego
1390 1972 1592 2033 singulari
1604 1971 1755 2033 gaudio
1765 1986 1842 2016 nos
1860 1986 1957 2016 esse
1970 1972 2162 2030 affectos,
2174 1987 2262 2016 cum
2270 1973 2534 2027 hancinlect·

150 2050 281 2090 ionem
293 2044 577 2089 incidissemus
584 2044 670 2100 jam
681 2042 770 2084 fere
782 2041 903 2084 dubia
912 2041 992 2083 fide
1002 2035 1098 2099 post
1108 2039 1280 2098 Cruquii
1289 2045 1462 2083 aetatem
1473 2041 1675 2097 audatam,
1687 2056 1802 2099 quam
1810 2055 1941 2099 neque
1950 2041 2042 2084 Fea
2050 2042 2093 2084 in
2103 2041 2333 2098 Vaticanis,
2343 2058 2421 2086 nec
2428 2043 2533 2087 Pot-

150 2117 277 2159 tierus
298 2114 341 2157 in
350 2111 664 2156 Parisiensibus
684 2110 778 2153 ullis
794 2123 894 2153 mss.
914 2108 1087 2167 reperit,
1106 2122 1290 2166 unusque
1298 2106 1461 2166 Valart,
1480 2108 1686 2153 sublestae
1703 2107 1801 2153 fidei
1816 2113 1974 2166 auctor,
1991 2109 2037 2154 in
2054 2123 2135 2154 uno
2153 2108 2291 2169 Regio
2299 2110 2535 2156 Parisiensi

151 2196 197 2226 se
217 2182 434 2224 invenisse
456 2183 646 2222 testatur.
706 2176 791 2220 Sed
814 2189 903 2218 eam
921 2175 1050 2217 adhuc
1067 2175 1240 2218 latuisse
1259 2176 1304 2218 in
1320 2175 1444 2230 libro,
1462 2176 1533 2218 ubi
1551 2189 1651 2219 sane
1679 2190 1762 2219 non
1781 2176 1905 2220 facile
1925 2181 2217 2234 quaereretur,
2244 2179 2413 2223 miratus
2431 2193 2536 2235 sum,

150 2250 328 2308 quodvir
347 2247 664 2306 sagacissimus,
694 2244 770 2287 Fr.
779 2242 952 2297 Jacobs,
981 2242 1252 2286 bibliothecae
1267 2241 1422 2301 pridem
1441 2243 1693 2302 praefectus,
1721 2243 1830 2288 hunc
1850 2243 2032 2288 codicem
2043 2250 2085 2288 et
2094 2246 2280 2289 excussit
2306 2246 2532 2306 (quodipse

147 2321 191 2362 in
220 2319 351 2377 prima
377 2315 532 2385 pagina
556 2328 633 2358 sua
661 2327 781 2355 manu
810 2309 1027 2368 indicavit)
1057 2314 1098 2353 et
1114 2310 1323 2370 copiosius
1355 2309 1551 2370 decripsit
1577 2311 1621 2354 in
1647 2311 1778 2356 libro:
1805 2311 2010 2371 Beitriige
2040 2327 2113 2356 zur
2142 2312 2275 2357 iiltern
2301 2313 2534 2359 Litteratur

149 2386 232 2441 (Τ.
253 2386 289 2431 1.
319 2385 445 2428 Fasc.
478 2385 521 2425 2.
548 2397 591 2441 p.
606 2381 728 2438 285)
789 2378 912 2422 Haud
941 2378 1033 2421 fere
1085 2379 1256 2422 minoris
1286 2377 1472 2422 habenda
1500 2378 1683 2437 ejusdem
1712 2379 1867 2424 codicis
1897 2379 2029 2424 altera
2051 2395 2149 2439 pars
2182 2395 2280 2425 esse
2308 2381 2469 2426 videtur
2494 2388 2536 2425 et

146 2456 239 2513 ipsa
269 2467 292 2495 e
321 2451 603 2495 vetustissimo
635 2448 769 2506 aliquo
801 2446 943 2490 codice
973 2445 1209 2507 deprompta
1225 2478 1239 2502 ,
1269 2459 1371 2504 quae
1399 2459 1485 2491 non
1513 2446 1632 2491 modo
1660 2447 1860 2492 famosam
1887 2448 1998 2492 illam
2024 2446 2157 2495 Vettii
2171 2447 2325 2507 Agorii
2349 2450 2531 2494 consulis

148 2521 327 2563 Romani
356 2518 678 2577 subcriptionem
709 2514 892 2569 exhibet,
925 2512 1000 2558 sed
1028 2513 1148 2575 aliam
1178 2527 1334 2572 quoque
1364 2513 1493 2559 adhuc
1522 2515 1785 2573 incognitam,
1817 2514 1870 2560 de
1898 2529 1976 2573 qua
2006 2515 2118 2561 infra
2146 2530 2331 2574 agemus.

262 2654 350 2699 Sed
381 2659 424 2698 ut
453 2655 504 2699 ad
530 2655 784 2714 propositum
814 2656 1001 2697 nostrum
1029 2655 1307 2696 revertamur:
1336 2652 1381 2696 in
1409 2650 1712 2712 cognoscendis
1743 2651 1969 2710 codicibus,
1998 2657 2193 2712 quotquot
2219 2653 2341 2696 nobis
2371 2652 2531 2711 obtige-

146 2729 256 2779 runt,
287 2723 421 2782 prima
448 2722 550 2764 haec
580 2724 699 2765 nobis
731 2736 831 2764 cura
858 2721 953 2775 fuit,
983 2726 1029 2762 ut
1057 2723 1229 2762 aetatem
1259 2720 1452 2778 cujusque
1491 2719 1710 2764 secundum
1749 2721 1852 2765 artis
1868 2720 2152 2781 diplomaticae
2172 2720 2309 2778 leges,
2339 2733 2430 2762 cum
2444 2724 2529 2763 toto

146 2793 236 2851 ejus
266 2792 434 2846 habitu,
475 2795 557 2833 tum
586 2790 711 2833 certis
756 2787 993 2846 quibusdam
1021 2786 1183 2831 indiciis
1212 2788 1334 2832 multo
1363 2788 1557 2833 librorum
1586 2793 1805 2833 msstorum
1832 2803 1910 2833 usu
1939 2788 2172 2833 constitutis
2202 2800 2250 2830 ac
2281 2786 2530 2843 confirmatis

148 2875 262 2920 quam
293 2859 615 2919 diligentissime
646 2856 970 2916 exploraremus.
1030 2855 1138 2900 Tum
1169 2857 1396 2917 scripturae
1424 2858 1560 2902 forma
1587 2862 1707 2917 atque
1736 2856 1893 2914 indole,
1922 2858 2036 2901 vitiis
2066 2870 2115 2900 ac
2139 2854 2373 2911 virtutibus,
2403 2855 2530 2899 inter-

145 2929 354 2987 pungendi
382 2927 521 2982 modo,
552 2925 873 2984 orthographiae
902 2924 1064 2967 ratione
1095 2925 1277 2969 studiose
1307 2927 1523 2983 anquisitis
1554 2931 1597 2969 et
1625 2926 1900 2983 consignatis,
1930 2925 2087 2968 codicis
2116 2924 2333 2967 lectionem
2355 2922 2530 2982 diligen-

145 3001 210 3040 ter
240 3000 473 3056 excerptam
503 3009 594 3038 cum
625 2993 777 3038 ceteris
807 2993 1154 3052 comparabamus,
1184 2998 1227 3037 ut
1257 2993 1517 3038 similitudine
1547 2993 1586 3037 si
1615 3008 1693 3052 qna
1721 2998 1854 3050 esset,
1881 2991 2089 3053 patefacta
2113 2992 2158 3036 in
2176 2994 2313 3043 textus
2329 2990 2530 3050 originem

147 3069 188 3107 et
216 3064 370 3107 fontem
398 3063 562 3107 facilius
591 3065 742 3122 posset
768 3061 932 3118 inquiri.
993 3059 1103 3103 Tum
1133 3060 1286 3105 demum
1314 3061 1474 3121 plenam
1503 3061 1658 3106 codicis
1688 3060 2006 3120 descriptionem
2034 3059 2176 3103 facere
2200 3059 2528 3116 instituebamus,

146 3131 254 3174 unde
284 3131 436 3175 certius
476 3130 527 3174 de
568 3145 618 3174 eo
652 3128 852 3188 judicium
890 3128 995 3171 ferri
1023 3134 1181 3187 posset.
1243 3128 1335 3181 Qua
1363 3130 1407 3174 in
1434 3144 1482 3173 re
1510 3129 1763 3190 perficienda
1791 3127 1967 3172 debitam
1995 3132 2181 3188 putamus
2211 3128 2387 3186 gratiam
2414 3133 2526 3172 retu-

145 3201 248 3243 lisse
288 3199 537 3260 publicarum
566 3197 904 3244 bibliothecarum
934 3196 1174 3256 praefectis,
1205 3197 1272 3254 qui
1301 3196 1518 3241 thesauros
1550 3211 1650 3242 suos
1679 3196 1905 3241 liberaliter
1932 3196 2053 3240 nobis
2082 3199 2346 3255 aperuerunt,
2376 3201 2419 3240 ut
2445 3211 2529 3241 non
