2737 3600
1327 171 1401 221 49

179 310 373 364 damno,
403 307 653 362 damnum,
684 309 1027 363 contempno,
1056 301 1267 361 volgus,
1295 302 1591 359 Volcanus,
1621 304 1812 349 volnus
1841 307 2142 366 (frequenter),
2169 308 2298 353 haut
2325 310 2555 368 (semper),

180 376 363 432 velud,
393 374 584 435 capud,
612 372 803 431 inquid
833 370 1040 437 (passini),
1069 370 1263 430 obicit,
1302 369 1496 428 deicit,
1526 372 1687 417 inicit
1714 376 1938 434 (semper).
1995 377 2241 422 Accusativi
2266 376 2348 421 m.
2382 376 2487 423 decl.
2513 378 2558 423 iu

178 445 231 489 is
259 436 495 502 frequentes
526 440 727 495 (omnis,
757 440 930 494 acris,
959 438 1120 492 civis,
1149 438 1292 495 ignis
1322 440 1437 493 cett.)
1467 440 1630 497 antiquo
1659 455 1785 485 more.
1806 442 2079 489 —Lectio
2108 445 2230 503 hujus
2255 445 2356 489 libri
2382 460 2470 490 nou
2495 445 2557 489 ita

179 511 336 571 quidem
363 523 467 570 pura
495 512 538 551 et
562 508 826 564 incorrupta,
863 511 910 549 ut
944 506 989 549 in
1016 505 1171 564 primae
1205 510 1331 550 notae
1361 506 1592 563 codicibus,
1620 507 1787 552 Monac.
1831 512 1871 553 1.
1900 509 2036 558 Dess.
2063 514 2108 565 l,
2133 511 2260 572 Lips.
2289 515 2331 565 1.,
2358 514 2405 569 2,
2434 514 2481 569 8,
2511 527 2550 556 a.

179 579 331 624 Graev.
368 574 599 628 Leidensi,
628 587 706 616 nec
736 573 894 617 crebris
933 572 1046 616 vitiis
1075 573 1119 616 in
1156 574 1294 618 verbis
1323 574 1390 618 vel
1428 575 1593 620 omissis
1631 576 1697 619 vel
1735 577 1999 636 transpositis
2050 578 2117 622 vel
2162 581 2367 640 corruptis
2416 585 2553 636 vacat,

177 646 397 705 praecipue
424 643 469 684 in
496 640 666 695 Satiris,
695 655 788 683 nam
818 639 1013 685 Carmina
1047 640 1169 684 multo
1207 642 1359 685 rectius
1399 646 1442 685 et
1483 642 1731 686 emendatius
1774 644 1953 702 scripta3
1989 645 2117 688 nihilo
2154 647 2294 690 secius
2320 651 2458 691 tamen
2483 648 2554 691 hic

179 710 312 757 eedex
349 710 394 752 in
428 707 665 751 melioribus
699 707 909 752 habendus
948 722 1037 752 cum
1072 712 1240 768 propter
1288 709 1489 768 antiquam
1517 714 1561 754 et
1597 716 1751 754 rectam
1787 711 2021 770 plerunque
2058 713 2264 757 nominum
2292 715 2554 773 propriorum

179 777 468 838 scriptionem,
506 779 588 818 tum
615 780 784 836 propter
809 777 1009 820 lectiones
1038 776 1145 828 baud
1168 790 1323 838 paucas
1351 779 1481 821 bonas
1512 791 1561 820 ac
1591 778 1825 836 singulares
1838 810 1852 833 ,
1891 792 1947 821 ex
1975 779 2118 836 quibus
2147 780 2223 823 has
2253 795 2550 825 memoramus:

175 846 212 889 1.
241 845 320 888 Od.
347 848 402 899 4,
439 846 481 886 8.
511 845 643 887 visit
671 845 872 894 officinas.
901 848 946 899 8,
973 848 1016 887 2.
1044 844 1153 887 Hoc
1190 845 1319 894 deos
1350 860 1490 888 vere.
1549 844 1606 887 11.
1640 845 1718 888 od.
1747 850 1790 889 4.
1819 846 2136 903 Argumentum:
2175 846 2238 890 ad
2264 848 2552 893 Xanthiam

177 913 458 971 tralippam
497 912 611 967 (item
645 913 689 956 in
717 911 835 957 Mon.
872 913 915 956 5.
944 912 1067 971 Lips.
1095 913 1140 968 8,
1180 927 1218 957 a.
1257 911 1404 956 Turio.
1446 911 1514 970 qui
1548 911 1654 970 legit
1680 912 1959 971 traliptam
1996 927 2086 956 cum
2115 912 2255 958 Oberl.
2282 915 2339 959 A.
2369 915 2561 959 Orellius.

174 980 283 1025 falso
313 979 502 1034 affirmat,
529 979 574 1022 in
602 983 771 1037 utroque
797 979 905 1038 legi:
935 979 1289 1037 iatraliptam,
1319 992 1421 1036 quae
1438 978 1626 1020 oberlini
1652 983 1719 1020 est
1746 979 2009 1032 emendatio).
2042 980 2120 1022 111.
2149 980 2227 1023 011.
2257 984 2304 1035 4,
2330 983 2374 1024 5.
2404 997 2459 1025 an
2485 996 2551 1025 me

174 1047 323 1092 lusit.
381 1049 453 1099 28,
479 1050 521 1090 7.
548 1046 878 1105 Robigiuem.
907 1046 996 1092 IV..
1020 1045 1097 1088 Od.
1125 1048 1171 1100 ⁶1,
1200 1048 1268 1088 17.
1306 1044 1406 1097 Qui
1434 1045 1547 1088 scis
1588 1058 1650 1088 an
1678 1044 1935 1091 adiciant.
1991 1045 2125 1104 Epod.
2154 1049 2199 1101 2,
2227 1048 2300 1091 28.
2339 1049 2413 1091 sub
2443 1048 2552 1092 alta

174 1114 284 1159 ilice.
308 1116 382 1158 29.
406 1113 618 1157 hiberni
645 1113 780 1158 Jovis.
808 1114 938 1169 5,15.
967 1104 1186 1170 illigata
1214 1112 1385 1171 viperis.
1412 1114 1484 1155 8⁰.
1514 1111 1722 1169 ligonibus
1753 1110 1904 1154 diris.
1933 1114 1980 1166 6,
2010 1115 2079 1154 10.
2112 1111 2378 1156 odorabis.
2409 1117 2480 1170 12,
2508 1118 2552 1159 2.

175 1196 343 1227 munera
370 1181 489 1239 quid
514 1183 628 1236 mihi,
656 1180 860 1238 quidve.
890 1182 962 1235 17,
992 1183 1061 1223 Π.
1090 1178 1254 1222 volente
1283 1177 1458 1221 Circa.
1488 1176 1629 1221 Carm-
1658 1192 1770 1220 saec.
1799 1179 1872 1220 28.
1901 1177 2242 1237 totidemque.
2270 1182 2341 1223 68.
2370 1194 2552 1238 proro-

175 1254 268 1308 gat
294 1263 450 1294 aevum.
483 1249 520 1292 1.
549 1248 640 1293 Sat.
667 1250 712 1303 1,
739 1250 811 1291 80.
867 1246 942 1289 Ac
978 1246 1018 1288 si
1048 1244 1267 1288 condoluit.
1296 1244 1354 1287 11.
1383 1243 1473 1287 Sat.
1503 1248 1551 1299 6,
1580 1247 1681 1287 108.
1710 1245 2015 1288 verniliter.
2043 1244 2078 1289 I.
2107 1245 2243 1304 Epist.
2272 1252 2317 1302 1,
2344 1249 2418 1292 88.
2475 1247 2557 1292 Est

177 1316 391 1375 quadam
417 1315 597 1376 prodire.
625 1318 671 1371 7,
699 1316 771 1358 51.
809 1313 1001 1374 proprios
1038 1315 1388 1355 resecantem.
1417 1313 1490 1366 14,
1518 1313 1590 1354 29.
1623 1325 1729 1354 cum
1757 1311 1909 1355 decidit
1934 1312 2077 1356 inber.
2106 1316 2178 1368 le,
2214 1317 2286 1360 cl.
2326 1313 2379 1357 da
2401 1314 2554 1372 juste

108 1440 110 1442 Ι
177 1387 470 1442 sanctoque
498 1382 644 1427 videri.
681 1381 740 1425 11.
775 1381 858 1441 Ep.
887 1383 931 1435 l,
961 1380 1058 1423 121.
1086 1392 1250 1438 puero
1278 1378 1365 1422 vel
1393 1378 1616 1436 cogitat.
1653 1377 1741 1423 Ars
1770 1383 1881 1437 poet.
1908 1380 1953 1423 5.
1981 1377 2217 1438 Spectatum
2243 1381 2413 1426 missi.
2451 1383 2553 1425 ss.

176 1452 465 1510 clarisque.

285 1590 363 1642 44)
390 1586 552 1633 Mon
579 1585 641 1632 8.
680 1583 861 1629 Codex
886 1585 929 1628 8.
959 1583 1329 1627 bibliothecae
1370 1582 1573 1642 Regiae
1609 1583 1956 1628 Monacensis
1997 1598 2109 1629 saec.
2144 1584 2224 1630 XI.
2253 1586 2471 1630 membran.
2508 1587 2554 1630 in

173 1657 263 1699 4to.
294 1654 406 1712 sign.
432 1652 486 1695 F.
516 1652 553 1697 1.
580 1652 674 1695 olim
709 1651 950 1694 monasterii
979 1649 1043 1695 St.
1073 1650 1268 1692 Emerani
1294 1650 1566 1696 Batisbonae.
1624 1651 1761 1695 Foliis
1791 1656 1956 1695 constat
1980 1654 2053 1706 70,
2084 1666 2187 1709 quae
2217 1653 2448 1695 continent:
2507 1653 2553 1707 a)

174 1721 363 1766 Persii
398 1719 613 1764 Satiras
644 1733 752 1762 cum
781 1718 1098 1761 Scholiaste
1128 1721 1342 1772 vetere,
1371 1717 1445 1761 fol.
1476 1719 1662 1761 1—14.
1717 1718 1768 1771 b)
1800 1717 2018 1762 Horatii
2046 1733 2209 1777 opera
2235 1718 2308 1763 fol.
2337 1720 2554 1774 ls—w,

171 1802 259 1833 non
285 1796 419 1831 tamen
445 1788 581 1846 plena,
610 1786 824 1830 deficiente
851 1786 983 1844 prima
1008 1789 1141 1843 parte,
1171 1782 1309 1828 Carnu.
1336 1784 1397 1830 L.
1423 1784 1459 1828 Ι.
1489 1785 1685 1829 1—Lib.
1713 1784 1795 1841 III,
1833 1787 1904 1829 15.
1933 1800 1973 1829 v.
2003 1788 2074 1831 12.
2102 1790 2148 1830 et
2170 1786 2312 1830 ultima
2347 1791 2482 1846 parte,
2510 1790 2556 1829 nt

173 1855 459 1916 Epistulae
486 1867 658 1913 prorsus
688 1852 836 1896 desint.
893 1851 1039 1895 Insunt
1063 1865 1192 1910 ergo:
1224 1849 1521 1895 carminum
1548 1852 1648 1896 Lib.
1675 1851 1757 1907 111,
1787 1853 1857 1896 15.
1886 1866 1926 1896 v.
1956 1854 2027 1896 18.
2056 1867 2120 1911 sq.
2175 1851 2276 1897 Lib.
2306 1852 2383 1900 lv.
2442 1852 2554 1899 Tun

174 1922 396 1983 Epodon
422 1921 508 1965 lib.
540 1919 706 1964 Carm.
740 1934 879 1962 saec.
907 1918 1012 1961 Ars
1041 1923 1179 1978 poet.
1210 1917 1512 1962 Sermonum
1539 1920 1703 1962 Libri
1729 1919 1787 1963 11.
1844 1918 1927 1962 Hic
1955 1919 2089 1962 'codex
2124 1921 2169 1963 in
2196 1921 2431 1964 membrana
2458 1934 2552 1964 sor-

175 1990 332 2034 didiore
359 1989 553 2046 scriptus,
583 1987 695 2029 foliis
723 1987 832 2028 inter
859 1988 906 2028 se
933 2000 1011 2027 nec
1039 1985 1271 2041 aequalibus
1299 2000 1377 2028 uec
1390 1988 1547 2044 pariter
1575 1988 1718 2040 sectis,
1750 1986 1913 2029 omnino
1941 1986 2221 2043 negligentius
2248 1987 2429 2041 habitus,
2460 1988 2551 2031 sine

173 2057 269 2102 ullis
303 2056 485 2100 colorum
523 2048 814 2113 ornamentis?
842 2052 1032 2109 Paginae
1072 2066 1240 2107 omnes,
1281 2052 1403 2096 etiam
1439 2053 1483 2096 in
1512 2051 1632 2108 Odis,
1662 2052 1868 2111 simplices
1906 2051 2058 2095 habent
2090 2065 2281 2096 versuum
2321 2053 2548 2098 colunnas.

172 2123 334 2171 Vesus
361 2123 405 2166 in
433 2121 609 2180 singulis
645 2120 810 2180 paginis
848 2120 996 2163 triceni
1022 2119 1134 2177 quini
1159 2120 1269 2163 inter
1304 2119 1437 2163 lineas
1474 2120 1572 2163 stilo
1609 2119 1752 2162 ductas
1792 2118 1959 2178 scripti,
1976 2166 1981 2168 ,
1998 2133 2099 2177 quae
2126 2119 2250 2162 lineis
2277 2119 2547 2179 perpendicu-

172 2190 327 2237 naribos
354 2189 647 2244 terminantur,
684 2186 760 2231 sed
790 2199 880 2230 nou
904 2187 1087 2244 ‘ubiqu03
1124 2200 1218 2230 nam
1253 2187 1410 2246 passim
1437 2187 1572 2230 nullae
1606 2188 1743 2230 lineae
1772 2191 2005 2229 cernuntur.
2062 2187 2342 2230 Ati-amentum
2369 2188 2414 2229 in
2442 2187 2547 2231 Odia

174 2256 294 2304 vnide
320 2255 526 2317 pauiu-n,
554 2262 599 2298 ut
623 2267 916 2312 nonnumquam
945 2253 1087 2295 oculos
1115 2254 1263 2312 fugiat.
1290 2277 1349 2286 ·-
1379 2254 1558 2296 Tituli
1586 2255 1889 2311 eclogarum
1918 2254 2064 2296 breves
2099 2253 2331 2312 plerumque
2357 2252 2413 2298 ad
2439 2269 2547 2300 aar·

176 2326 315 2384 ginon
343 2323 699 2382 adscripti(velut
726 2321 806 2376 111,
835 2324 905 2364 17.
960 2321 1039 2364 Ad
1067 2321 1281 2364 Aelium
1311 2322 1372 2365 de
1399 2322 1693 2366 nobilitate
1721 2321 1889 2377 illius.
1917 2322 1986 2363 18.
2025 2319 2103 2364 Ad
2129 2319 2363 2365 Faunum
2389 2319 2545 2367 domi-

175 2405 288 2437 uum
317 2391 571 2434 silvarum
601 2389 661 2433 de
691 2387 1008 2433 custodibus
1038 2388 1122 2432 sui
1148 2389 1382 2448 pecoris.
1420 2391 1492 2434 19.
1518 2389 1597 2434 Ad
1626 2388 1938 2448 Telephum.
1973 2388 2043 2431 2⁰.
2072 2386 2150 2430 Ad
2174 2386 2447 2447 Pyrrhum.
2474 2391 2548 2438 21.

174 2457 254 2501 Ad
282 2458 583 2515 anphoram
612 2459 727 2512 cett.)
764 2457 919 2515 passim
947 2455 1160 2511 deficiunt,
1197 2457 1417 2516 praecipue
1457 2457 1503 2499 iu
1531 2456 1697 2500 Satiris.
1729 2481 1783 2488 —
1812 2454 2033 2498 Scholia
2061 2459 2113 2496 et
2140 2455 2363 2512 glossae
2390 2458 2547 2511 rarius,

174 2523 293 2569 nodo
322 2522 497 2581 singulis
525 2523 630 2567 locis
656 2538 874 2583 aspersae,
902 2523 971 2583 nil⁴
988 2523 1157 2582 cognitu
1185 2522 1353 2582 dig-nnn
1380 2523 1572 2568 afferunt.
1630 2524 1928 2583 Scriptura,
1959 2534 2060 2578 quae
2090 2521 2259 2565 eandem
2288 2524 2434 2581 ubique
2462 2539 2550 2568 ma·

174 2605 268 2636 nnn
293 2590 449 2649 prodit,
474 2590 612 2633 laxior
640 2595 721 2645 est,
750 2592 934 2649 satisque
964 2596 1177 2648 accurata,
1213 2592 1336 2652 plana
1363 2597 1408 2634 et
1434 2593 1652 2651 explicata,
1681 2592 1734 2635 ad
1758 2590 1932 2634 indolem
1960 2588 2116 2632 saeculi
2140 2588 2239 2635 ΧΠ.
2262 2591 2349 2647 jam
2376 2592 2547 2651 propius

175 2656 402 2711 accedens3
431 2656 551 2700 ductu
577 2657 804 2699 litterarum
830 2659 965 2715 magis
995 2659 1226 2715 anguloso,
1260 2661 1413 2704 litteris
1435 2660 1696 2718 longioribus
1723 2658 1896 2714 b‚--d<,·f,
1925 2672 1971 2715 g,
1999 2656 2043 2712 h,
2071 2655 2102 2713 l,
2130 2672 2174 2716 p,
2204 2673 2245 2715 q,
2273 2660 2307 2714 r,
2334 2673 2420 2702 non
2447 2660 2548 2704 mul-

176 2730 260 2770 tun
286 2738 413 2784 supra
439 2729 482 2767 et
506 2724 619 2767 infra
645 2724 795 2766 lineam
821 2725 1159 2781 prominentibus,
1188 2740 1314 2782 quare
1344 2728 1563 2771 saeculo
1587 2728 1665 2770 XI.
1703 2732 1934 2769 extremo
1964 2725 2070 2766 hunc
2098 2724 2282 2768 codicum
2313 2732 2409 2783 puto
2440 2727 2547 2769 scri-

174 2798 301 2854 ptun,
330 2806 356 2836 a
381 2791 630 2839 Menaceusi
657 2790 787 2834 altero
814 2790 917 2834 ferox
934 2795 1021 2834 toto
1052 2791 1218 2835 saeculo
1248 2791 1480 2838 distantem
1512 2809 1537 2837 e
1566 2795 1633 2839 vel
1660 2810 1690 2860 ρ
1707 2794 1936 2853 plerumque
1963 2805 2039 2851 pro
2070 2805 2145 2848 ae,
2175 2806 2236 2836 oe
2266 2792 2549 2852 diphthongis,

175 2874 282 2920 quae
310 2865 447 2905 tanen
471 2860 626 2919 passim
654 2861 821 2901 exstant
847 2872 937 2900 cum
965 2857 1075 2916 siglo
1105 2872 1144 2902 ω
1172 2859 1387 2919 (poena,
1414 2862 1679 2917 moechus,
1709 2866 1874 2915 aetas,
1903 2860 2088 2914 caesar)
2118 2859 2145 2902 d
2174 2865 2216 2902 et
2243 2859 2271 2902 δ
2297 2861 2549 2918 promiscue,

178 2944 203 2977 r
228 2929 486 2989 plerunque,
519 2938 538 2972 *ι
565 2926 700 2970 rarius
729 2926 771 2968 in
796 2925 882 2968 dine
908 2938 1066 2968 vocum.
1124 2928 1146 2967 l·
1167 2927 1334 2985 long-um
1362 2929 1534 2986 ubique,
1565 2944 1587 2973 s
1616 2929 1731 2972 modo
1759 2930 1804 2971 in
1830 2929 1910 2970 fine
1938 2931 2098 2982 vocum,
2128 2926 2274 2970 elatius
2313 2929 2549 2984 (custo⁸).

177 2995 371 3041 Litterae
399 3009 589 3040 versuum
617 2994 796 3038 initiales
832 2993 991 3038 minore
1026 2993 1162 3038 fornia
1187 3009 1265 3039 nec
1302 3010 1329 3040 a
1355 2996 1594 3042 minusculis
1624 2995 1829 3042 admodum
1857 2993 2086 3039 differente.
2145 2992 2302 3054 Sigla
2338 2999 2391 3039 et
2418 3010 2549 3041 com-

175 3064 377 3127 pendia
396 3064 713 3126 ,scripturae
740 3075 870 3123 pauca
897 3068 940 3106 et
968 3062 1149 3121 antiqua.
1173 3070 1198 3109 ὃ
1225 3076 1302 3123 pro
1332 3069 1418 3108 est
1444 3065 1698 3125 plerumque,
1753 3071 1813 3113 ⁸1-
1840 3062 1906 3107 vel
1935 3074 1993 3107 ‘x
2021 3063 2171 3106 rarius.
2198 3063 2271 3120 :n-
2286 3077 2363 3122 pro
2393 3066 2551 3122 enim,

182 3132 474 3191 antiquarum.
526 3133 576 3174 ὦ
604 3146 678 3189 pro
704 3138 760 3172 et
795 3135 845 3186 (7
874 3132 1030 3185 rarius)
1066 3132 1211 3186 initio,
1250 3133 1408 3187 medio,
1448 3134 1531 3176 fine
1559 3150 1713 3177 vocum.
1770 3133 2169 3175 Distinctionis
2209 3134 2369 3190 signa
2406 3135 2550 3179 eaden

182 3215 284 3257 quae
311 3202 357 3242 in
382 3200 550 3243 Monac.
579 3203 620 3242 1.
652 3197 1059 3256 ,orthographia
1085 3214 1265 3243 vocum
1291 3199 1526 3258 plerumque
1553 3202 1683 3259 proba
1710 3204 1752 3245 et
1779 3199 1961 3258 antiqua:
1990 3197 2258 3258 Iuppiter,
2286 3198 2550 3261 (Jupiter)
