2737 3600
1349 163 1420 217 20

193 318 291 363 que
332 302 506 361 obliquo.
545 303 625 355 14,
669 300 738 342 28.
778 310 1090 356 cupressus.
1129 301 1209 356 17,
1250 296 1320 342 25.
1363 299 1465 344 tum
1508 299 1700 359 populus.
1728 299 1787 358 ΙΙ,
1815 301 1859 358 2,
1888 302 1930 347 1.
1960 296 2193 357 Angustam
2232 300 2405 349 amici.
2432 304 2488 360 0,
2515 301 2559 346 5.

193 373 353 415 aliam
380 370 525 425 magis.
553 368 637 419 23,
679 367 746 409 12.
792 367 1040 410 securim.
1068 366 1147 423 lv,
1177 371 1220 423 1,
1248 369 1317 414 22.
1344 364 1586 423 lyrtquo-et
1609 367 1984 427 Berecynthia
2011 366 2089 409 del.
2119 365 2268 416 tibia.
2297 368 2344 419 2,
2371 370 2443 412 87.
2470 384 2562 414 me·

193 441 418 496 liusque.
446 432 580 493 Epod.
609 434 655 488 2,
681 432 755 477 65.
784 429 975 477 divitis
1007 448 1195 480 examen.
1222 437 1268 492 5,
1296 434 1364 478 15.
1392 431 1614 490 illigata
1641 435 1813 492 viperis.
1842 438 1918 499 14².
1943 436 2014 484 18.
2041 432 2208 478 veluti
2236 431 2437 479 ducentia.
2481 475 2484 477 r

303 571 380 625 25)
410 566 564 616 Gth.
595 566 665 615 80-
713 565 895 611 Codex
921 567 964 609 8.
1004 566 1374 614 bibliothecae
1411 566 1633 617 Ducalis
1664 564 1944 615 Gothanae
1976 584 2085 613 saec.
2113 566 2210 614 XV.
2239 567 2495 624 chartaceus,
2521 568 2566 612 in

189 639 283 683 Fol.
313 639 425 694 sign.
456 635 539 681 Ch2
565 636 621 679 A.
649 650 726 682 nr.
768 637 866 683 717.
897 632 1148 692 (descriptus
1178 635 1222 677 in
1256 635 1364 682 libro
1393 635 1579 681 Jacobsii
1609 639 1651 676 et
1679 633 1829 677 Ukerti
1857 650 1982 694 supra
2009 636 2170 680 laudato
2199 652 2240 695 p.
2267 637 2354 679 280
2378 649 2443 677 nr.
2470 635 2566 689 00).

190 706 271 750 Hic
299 705 405 749 liber
432 703 553 761 plura
579 701 803 748 Variorum
831 701 984 759 scripta
1013 700 1265 759 complexus,
1295 701 1369 744 fol.
1400 703 1581 763 1-18.
1611 700 1790 751 Artem
1817 707 1955 758 poet.
1986 705 2168 755 continet
2191 704 2270 747 hoc
2298 702 2411 746 titulo
2440 701 2566 745 minio

189 772 413 831 inscripto:
443 771 626 816 Heraeis·
641 772 790 816 Flam·
801 771 923 816 Artis
936 772 1128 826 poeticae
1156 770 1274 815 liber.
1330 767 1380 810 In
1396 767 1867 826 fiueminiosubscripta
1878 766 2094 825 leguntur:
2114 772 2301 821 ‚Herodi
2318 772 2464 814 naec&
2479 770 2569 813 Ars

185 843 355 897 poetica
373 841 594 892 ‘foeliciter
603 843 724 894 finit.
754 843 835 885 tum
850 837 970 879 viridi
989 837 1127 879 colore
1147 836 1419 893 subscriptum
1447 837 1710 893 possessoris
1740 849 1909 878 nomen:
1941 835 2217 887 Sebastianus
2231 841 2371 887 Brant
2398 835 2567 891 (nobilis

189 908 258 951 ille
276 907 407 959 lctus,
436 911 569 963 poeta·
583 911 639 953 et
662 906 901 957 historicae,
929 909 1048 946 natus
1067 903 1339 961 Argentorati
1368 917 1407 944 a.
1439 904 1565 946 1458.
1598 900 1749 952 Comes
1764 901 1898 945 Palat.
1922 900 2047 945 Caes.
2066 901 2348 949 Cancellarius
2363 904 2567 964 inpatrh,

191 975 292 1018 obiit
323 975 450 1021 1520.
496 972 560 1021 ,In
583 972 753 1028 multis„
793 985 893 1029 quae
924 970 1111 1029 scripsit,
1142 970 1309 1012 Navis
1340 970 1430 1027 ejus
1459 969 1807 1027 Narragonia
1837 971 1983 1020 &dan
2009 970 2568 1031 Narrmocmffscelobnta,

191 1057 309 1101 quam
338 1040 451 1089 Jac.
479 1039 723 1095 Locher,
762 1038 939 1083 Horatio
980 1040 1091 1083 1498
1118 1037 1224 1081 edito
1252 1036 1595 1093 notus,1Latinis
1625 1038 1815 1082 versibus
1844 1036 2042 1090 reddidit)
2074 1042 2117 1080 et
2144 1052 2275 1083 annus
2305 1043 2419 1085 147⁶
2445 1040 2567 1085 minio

191 1110 442 1168 adscriptus.
504 1107 666 1152 Versus
695 1108 805 1149 inter
831 1107 964 1159 lineas
993 1108 1197 1164 pigmento
1212 1105 1358 1163 pallide
1386 1107 1510 1148 rubro
1540 1107 1670 1162 (quali
1683 1111 1829 1149 nostra
1845 1110 1980 1149 aetate
1996 1106 2166 1159 utimur)
2194 1106 2336 1149 ductas
2352 1112 2409 1151 18
2424 1133 2477 1143 --
2499 1111 2568 1152 10.

191 1177 340 1237 Spatia
369 1182 411 1220 et
439 1189 564 1233 supra
600 1174 789 1230 infraque
828 1175 1022 1232 pagiuam
1052 1179 1093 1218 et
1119 1175 1163 1218 in
1190 1179 1357 1231 utroque
1384 1173 1513 1222 latere
1551 1173 1674 1218 lineis
1714 1173 1850 1225 rubris
1879 1172 2038 1217 inclusa
2066 1171 2120 1223 ad
2147 1172 2305 1216 scholia
2328 1179 2375 1218 et
2401 1175 2569 1234 glossas

193 1244 475 1303 excipiendas,
507 1255 608 1297 quae
641 1246 684 1283 et
709 1242 821 1285 inter
848 1241 984 1286 lineas
1017 1248 1059 1284 et
1085 1242 1130 1284 in
1158 1243 1341 1299 margine
1371 1242 1472 1284 satis
1499 1241 1646 1288 multae
1673 1240 1881 1298 leguntur,
1912 1255 1950 1283 a.
1979 1243 2022 1284 2.
2051 1255 2106 1287 ιιι.
2133 1240 2355 1284 nonnullae
2383 1247 2426 1285 et
2441 1243 2572 1286 verba

191 1320 237 1363 in
282 1317 396 1355 textu
440 1312 629 1353 correcta
670 1306 889 1367 ,pallidiore
926 1313 1177 1357 atramento,
1252 1308 1441 1358 Litterae
1487 1307 1664 1354 initiales
1709 1308 1817 1352 inter
1861 1307 1993 1352 lineas
2041 1306 2403 1368 perpendiculares
2449 1308 2568 1353 binas

192 1379 330 1425 colore
368 1377 494 1421 rubro
532 1375 600 1420 vel
627 1374 750 1419 viridi
778 1379 971 1432 notatae,
1009 1376 1189 1424 initiales
1236 1376 1484 1435 singularum
1525 1376 1665 1435 operis
1706 1377 1878 1435 partium
1907 1376 2039 1426 variis
2065 1376 2275 1419 coloribus
2305 1371 2569 1427 artificiosius

190 1447 338 1506 pictae.
399 1444 617 1503 Scriptura
647 1443 913 1497 Germanica,·
938 1444 1238 1501 orthographia
1264 1445 1336 1493 illa
1365 1450 1498 1492 aetate
1527 1437 1710 1500 vulgaris
1724 1459 1743 1496 3
1774 1459 1804 1508 ς
1830 1457 1905 1502 pro
1935 1457 1993 1486 ae
2024 1458 2202 1502 semper,
2233 1443 2309 1486 sed
2337 1458 2396 1488 oe
2424 1458 2570 1494 serva-

189 1519 256 1557 tur
286 1515 574 1569 (moestus,
611 1512 838 1566 hoedus,
876 1510 1120 1553 infoelix
1157 1512 1297 1565 etiam)
1327 1512 1356 1555 h
1384 1513 1427 1556 in
1457 1512 1633 1556 vocibus
1664 1516 1816 1555 temere
1846 1510 2020 1555 additum
2047 1510 2114 1554 vel
2143 1511 2353 1567 omissum,
2381 1509 2465 1560 hiis
2492 1525 2570 1571 pro

188 1583 282 1638 his,
323 1595 471 1639 quum
512 1579 641 1624 semel
677 1593 760 1638 pro
783 1593 887 1623 cum.
941 1577 1186 1622 Accusativi
1213 1577 1292 1624 111.
1334 1578 1437 1623 decl.
1479 1593 1641 1639 semper
1666 1578 1712 1631 iu
1741 1593 1796 1624 es
1827 1579 2042 1624 terminati.
2071 1603 2126 1612 —
2155 1578 2305 1624 Lectio
2335 1579 2439 1624 satis
2467 1593 2571 1641 pura

190 1655 232 1694 et
260 1648 499 1704 emendata,
539 1662 670 1706 pauca
707 1646 826 1690 modo
867 1650 1004 1688 errata
1045 1646 1169 1688 habet
1218 1650 1260 1688 et
1288 1660 1313 1688 e
1352 1647 1460 1690 bono
1503 1646 1727 1705 exemplari
1766 1645 1886 1689 ducta
1914 1660 2010 1689 esse
2038 1646 2211 1689 videtur.
2266 1647 2411 1691 Locos
2440 1648 2570 1692 hosce

186 1718 441 1761 notavimus:
468 1715 559 1759 Ars
590 1720 703 1774 poet.
732 1717 803 1759 50.
834 1715 872 1757 si
899 1714 1114 1773 possim.
1143 1716 1214 1757 01.
1243 1714 1386 1758 interit
1422 1717 1650 1762 usuam.
1678 1714 1860 1773 gloria
1887 1715 2026 1758 vivax.
2041 1714 2140 1759 127.
2171 1713 2568 1766 Qualisabinitio.

188 1788 289 1836 108.
328 1786 372 1829 in
410 1784 551 1828 vitium
589 1784 736 1828 verti
775 1783 953 1840 (flecti
999 1782 1226 1842 superscr.)
1256 1783 1353 1827 107.
1392 1781 1499 1840 quod
1535 1787 1844 1842 permutare
1883 1784 2018 1838 (mox
2056 1795 2193 1841 supsc.
2224 1796 2261 1826 a.
2289 1784 2331 1828 2.
2359 1784 2431 1841 ιιι.)
2469 1781 2568 1830 221.

188 1853 255 1897 Et
282 1856 631 1910 mox-agrestes.
671 1853 772 1895 280.
810 1850 1054 1895 Edocuit.
1092 1853 1191 1895 814.
1246 1849 1382 1903 Quid
1419 1851 1474 1894 sit
1499 1864 1680 1899 .conscr.
1711 1850 1833 1908 quid
1856 1850 1944 1907 jud.
1972 1851 2072 1893 884.
2103 1849 2240 1892 dicere
2268 1851 2441 1893 verba.
2467 1853 2568 1899 848.

188 1921 275 1964 vult
302 1934 444 1966 manus
475 1934 671 1963 omnem
700 1919 773 1974 (ad
787 1932 918 1977 marg.
951 1923 1001 1961 et
1028 1921 1191 1972 mens)
1218 1919 1318 1962 871.
1348 1932 1446 1960 nec
1476 1918 1582 1960 scit
1602 1919 1918 1975 quantum-878.
1948 1916 1997 1959 Si
2012 1916 2172 1975 paulum
2188 1931 2340 1960 summo
2369 1918 2567 1977 vergit,

192 1988 474 2031 descendit
503 1987 555 2031 ad
582 1988 716 2030 imum.
746 1989 850 2034 884,
879 1987 1019 2030 vitio
1050 1991 1137 2030 est
1162 1994 1359 2030 remotus.
1391 1988 1491 2030 800.
1520 2000 1605 2030 vox
1642 1986 1780 2045 ipsa.
1809 1986 1908 2028 44⁵.
1941 1985 2073 2029 bonus
2102 1989 2146 2028 et
2174 1985 2412 2043 sapiens.

305 2123 386 2181 20)
415 2121 565 2180 Εἰς.
599 2122 654 2167 1.
714 2121 893 2166 Codex
929 2125 970 2166 1.
1002 2121 1367 2165 bibliothecae
1407 2121 1743 2166 academicae
1774 2120 2161 2180 Gottingensis
2193 2135 2304 2165 saec.
2329 2120 2426 2167 XV.
2454 2123 2568 2168 bom-

188 2193 359 2249 bycinus
388 2193 432 2234 in
461 2193 535 2233 8¹⁷⁰
571 2192 667 2246 maj.
707 2189 953 2245 tegumentis
993 2190 1107 2233 corio
1146 2189 1265 2235 badio
1311 2188 1520 2244 obductis,
1549 2189 1733 2233 ducentis
1771 2191 1938 2234 circiter
1965 2189 2079 2233 foliis
2108 2194 2303 2237 constans
2332 2189 2435 2245 (non
2463 2192 2570 2237 enin

188 2261 369 2302 numeris
409 2257 659 2314 consignata
697 2255 827 2312 sunt).
884 2254 1105 2304 Horatii
1144 2270 1308 2314 opera
1346 2256 1482 2300 omnia
1516 2258 1718 2312 continet,
1755 2256 1834 2303 hoc
1872 2255 2041 2301 ordine:
2086 2255 2307 2300 odarum
2333 2256 2466 2302 libri
2490 2256 2567 2305 lv.

189 2323 410 2383 Epodon
438 2323 528 2367 lib.
561 2321 790 2366 Carmen
819 2335 961 2366 saec.
989 2321 1095 2364 Ars
1124 2327 1262 2381 poet.
1294 2322 1663 2382 Epistolarum
1691 2324 1821 2368 libri
1847 2323 2221 2370 ILSermonum
2250 2323 2380 2365 libri
2406 2324 2463 2367 11.
2516 2325 2569 2369 In

190 2397 376 2437 extrema
403 2395 518 2450 parte
547 2390 643 2433 libri
673 2389 812 2432 addita
841 2393 908 2431 est
936 2388 1120 2432 collectio
1136 2390 1342 2448 phrasium
1359 2395 1400 2433 et
1414 2392 1705 2434 sententiarum
1724 2406 1759 2434 s.
1781 2392 1843 2434 tit.
1874 2389 2327 2448 „Elegantissimi
2353 2390 2568 2436 dicendi

188 2458 326 2501 modi
356 2473 379 2500 e
408 2458 586 2501 multis
618 2457 936 2500 auctoribus
967 2459 1307 2514 comparati.“
1339 2456 1414 2501 sed
1443 2472 1493 2501 ea
1522 2472 1547 2500 a
1574 2459 1807 2502 recentiore
1835 2472 1971 2512 manu,
2001 2471 2028 2500 a
2055 2457 2258 2517 scriptura
2285 2457 2440 2502 codicis
2467 2459 2568 2503 mul·

189 2532 272 2569 tum
311 2525 491 2569 diversa.
532 2549 587 2558 —
645 2524 727 2568 Hic
758 2522 908 2579 codex,
954 2537 1031 2581 quo
1072 2522 1281 2569 Gesnerus
1327 2524 1423 2569 olim
1466 2525 1511 2569 in
1549 2524 1728 2570 editione
1763 2524 1940 2574 Baxteri
1975 2524 2153 2584 repetita
2181 2527 2244 2580 (v.
2275 2524 2364 2583 ejus
2392 2526 2568 2587 praefat.

190 2608 232 2653 p.
261 2592 420 2652 XVII.)
451 2592 526 2637 sed
554 2593 675 2652 paulo
704 2592 988 2651 negligentius
1020 2597 1086 2635 est
1113 2607 1228 2648 usus,
1256 2593 1301 2638 in
1329 2593 1472 2644 charta
1499 2587 1743 2652 bombycina
1771 2593 1874 2644 satis
1903 2592 1995 2636 alba
2022 2607 2071 2636 ac
2097 2591 2308 2652 laevigata
2328 2593 2477 2655 plane,
2505 2595 2568 2639 lu-

191 2660 376 2706 culenter
412 2665 680 2718 accurateque
718 2661 899 2720 scriptus
912 2691 927 2715 ,
974 2659 1083 2703 inter
1117 2662 1370 2705 recentiores
1399 2660 1515 2705 Hor*
1551 2661 1718 2705 codices
1756 2662 1932 2721 primum
1956 2660 2092 2704 facile
2119 2661 2269 2705 locum
2281 2661 2452 2718 obtinet,
2480 2677 2570 2707 cum

189 2734 362 2789 propter
399 2728 641 2786 religiosam
678 2728 827 2772 eruditi
854 2728 1016 2772 librarii
1053 2728 1097 2771 in
1125 2728 1331 2772 exarando
1376 2743 1514 2773 curam
1542 2734 1585 2773 et
1611 2729 1880 2789 diligentiam,
1908 2733 1993 2772 tum
2018 2733 2189 2789 propter
2213 2728 2377 2774 codicis
2396 2731 2569 2788 antiqui,

188 2796 296 2840 unde
325 2796 394 2839 hic
423 2795 530 2839 liber
557 2797 829 2875 transcriptus
848 2800 949 2852 ·,est
989 2806 1179 2840 summam
1206 2798 1516 2858 praestantiam
1570 2797 1762 2857 Paginae
1792 2810 1933 2842 omnes
1963 2796 2170 2856 simplices
2198 2795 2373 2840 habent
2377 2810 2569 2843 versuum

192 2865 415 2908 columnas.
479 2862 637 2910 Versus
665 2865 710 2908 in
740 2864 917 2924 singulis
946 2865 1111 2924 paginis
1138 2867 1195 2909 24
1221 2866 1329 2910 inter
1354 2866 1487 2912 lineas
1516 2865 1623 2910 stilo
1629 2864 1770 2911 ductas
1795 2852 1996 2929 lineisque
2007 2861 2414 2928 perpendicularibus
2429 2864 2568 2910 utrim-

192 2947 267 2991 que
296 2933 536 2976 terminatas
575 2932 734 2991 scripti.
801 2932 982 2979 Tituli
1018 2933 1065 2976 in
1101 2924 1272 2991 Lyricis
1310 2949 1462 2993 usque
1479 2933 1532 2981 ad
1555 2924 1702 2994 Epod.
1720 2937 1763 2979 0.
1790 2934 2000 2993 pigmento
2029 2945 2275 2991 purpureo,
2300 2930 2409 2989 quali
2444 2932 2567 2977 bodie

190 3001 362 3056 utimur,
399 3015 483 3047 non
511 3000 664 3056 minio,
706 3001 977 3061 superscripti
1018 3014 1107 3043 cum
1146 3001 1273 3045 titulis
1301 3002 1401 3046 edit.
1427 3001 1696 3047 Florenti-ae
1719 3000 1917 3045 bandini
1936 3001 2049 3044 lm
2077 3003 2132 3042 et
2146 2998 2342 3042 librarum
2366 2998 2466 3044 inde
2495 2999 2566 3045 du-

193 3073 347 3111 ctorum
382 3068 593 3128 plurimum
633 3069 902 3125 conveniunt,
923 3067 1090 3111 modo
1099 3067 1146 3110 -in
1172 3067 1296 3112 Flor.
1304 3070 1547 3129 plerumque
1575 3070 1791 3113 breviores
1820 3066 2567 3123 sunt,v.‹':.1.-oe·4·,‚lm'2·tat

194 3137 387 3178 Sestium
412 3141 545 3181 eia-mn
569 3140 830 3181 consularem
856 3139 916 3180 ad
930 3126 1222 3192 voluptuosam
1240 3141 1381 3183 υἰιωιι.
1394 3142 1645 3199 paraenetica
1662 3139 1822 3181 dicolos
1836 3135 2116 3193 distrophosf‘
2124 3133 2275 3179 Gott
2302 3137 2343 3178 1.
2371 3134 2566 3195 μηνύει

191 3205 241 3249 Ρ.
273 3203 465 3247 Sestium
493 3200 753 3249 consularem
781 3206 841 3249 ad
877 3207 1010 3248 vitam
1046 3205 1364 3261 voluptuosm‘
1351 3204 1381 3228 “
1438 3204 1581 3250 Flor.
1609 3204 1645 3249 1.
1676 3202 1767 3250 Od.
1782 3202 1826 3249 0.
1867 3203 2136 3262 ,Agrippam
2160 3218 2189 3247 a
2214 3193 2337 3246 robiis
2357 3207 2495 3261 gestis
2520 3211 2565 3248 et
