2737 3600
1279 163 1345 210 41

131 297 309 342 initiales
338 297 539 354 inclusae,
569 296 621 342 ad
649 295 833 340 dextram
861 294 971 338 linea
999 292 1187 353 simplici.
1243 293 1293 337 In
1322 307 1475 337 summo
1504 299 1546 339 et
1566 295 1645 339 imo
1669 296 1989 354 margine-linea
2017 301 2261 342 transveru.
2279 310 2357 356 per
2380 302 2504 341 totam

132 367 321 425 paginam
351 364 482 409 ducta.
537 365 741 408 Litterae·
759 376 913 409 omnes,
944 363 988 402 in
1015 361 1182 403 Horatii
1210 361 1368 417 quidem
1389 364 1647 418 carminibus,
1678 369 1917 418 atramento,
1946 380 2029 407 non
2043 367 2167 408 minio
2183 365 2250 408 vel
2264 365 2345 408 alio
2363 365 2503 408 colore

132 435 280 492 pictae.
305 433 529 478 ⁴Versuum
558 431 768 474 columnae
799 428 1003 486 simplices
1027 443 1103 487 per
1125 433 1252 472 totum
1281 428 1498 485 codicem·
1515 431 1691 475 tricenos
1707 431 1797 474 sere
1813 431 2002 489 singulae
2015 433 2192 491 paginae
2205 433 2430 477 continent.
2448 457 2500 465 -

133 500 311 545 Tituli
340 499 515 558 singulis
530 497 689 554 eclogis
719 496 771 539 ad
799 496 1024 554 marginem
1053 495 1178 539 additi
1207 503 1303 540 sunt
1314 498 1582 542 minutissima
1598 500 1799 559 scriptura
1817 503 2019 541 avetusta
2033 495 2168 554 manu,
2196 514 2280 542 non
2296 501 2500 557 omnibus,

133 568 207 611 sed
222 568 340 612 modo
354 568 423 610 lib.
442 566 477 609 I.
508 579 543 607 c.
578 568 600 606 1
617 566 757 607 -29,
787 569 830 606 et
857 564 925 606 lib.
946 564 1026 619 III,
1056 579 1092 607 c.
1121 566 1178 606 17
1195 568 1342 619 —213
1371 567 1413 608 in
1433 567 1601 624 reliquis
1624 568 1787 609 omnino
1807 566 1970 608 desunt.
2002 590 2060 599 —
2087 567 2347 609 Paucissima
2361 569 2404 610 in
2420 569 2500 611 hoc

131 636 272 679 codice
302 634 495 687 carmina,
524 632 593 674 lib.
624 631 658 676 I.
707 647 744 674 c.
774 634 832 674 28
861 637 903 674 et
929 633 1001 674 85.
1030 632 1103 675 lib.
1132 631 1188 675 ΙΙ.
1225 648 1260 675 c.
1290 636 1320 675 9
1348 639 1390 676 et
1419 637 1503 693 16.,
1534 634 1746 691 glossis
1783 639 1825 676 et
1855 632 2089 677 scholiis
2120 634 2272 691 aliquot
2299 635 2501 678 instructa

132 707 240 758 sunt,
271 699 496 745 sententias
533 697 651 743 modo
683 698 992 758 explicantibus,
1023 699 1170 743 nullius
1198 700 1333 759 pretii.
1370 724 1425 732 —
1454 701 1573 744 Hunc
1602 702 1746 744 librum
1779 700 1945 743 saeculo
1973 699 2091 746 XIV.
2121 715 2205 745 non
2234 702 2502 760 antiquiorem

130 781 244 823 esse,
274 781 363 810 cum
377 772 465 810 tota
494 768 719 826 scripturae
747 767 905 809 indoles
936 781 983 809 ac
1011 768 1157 822 facies,
1188 774 1269 809 tum
1299 769 1463 825 singula
1489 769 1640 809 indicia
1669 768 1892 810 declarant.
1948 769 2140 810 Litterae
2168 771 2347 825 majores
2374 785 2411 812 s.
2426 785 2501 812 un-

130 836 256 878 cialcs
274 836 415 877 mirum
445 837 488 877 in
515 835 673 877 modum
702 836 898 889 variatae,
927 836 1105 878 minores
1136 839 1277 877 acutae
1307 840 1349 876 et
1378 834 1602 892 angulosae
1631 850 1785 877 morem
1812 835 1922 878 illius
1953 835 2108 878 saeculi
2134 851 2235 894 prae
2266 852 2313 880 se
2343 837 2498 894 ferunt,

130 903 349 963 praecipue
377 906 420 949 b.
448 915 491 961 fl·
519 916 554 949 2.
583 916 622 949 s.
647 915 685 960 3.
715 902 818 945 Litt.
852 917 876 945 e
904 917 978 961 pro
1009 917 1084 957 ae,
1115 916 1173 945 oe
1201 905 1430 961 perpetum
1457 901 1473 943 i
1501 915 1643 960 purum
1671 901 1921 960 plerumque,
1951 907 2120 945 accentu
2151 917 2276 963 saepe
2298 910 2496 962 notatum,

131 971 163 1026 ί,
192 975 341 1030 puncto
370 984 563 1028 nusquam
590 971 673 1013 nisi
700 971 742 1012 in
771 970 900 1029 prima
926 970 1079 1029 pagina
1108 969 1339 1026 aliquoties,
1370 983 1395 1010 a
1423 971 1467 1013 2.
1496 983 1547 1010 m.
1579 967 1607 1009 δ
1621 968 1766 1024 ubique
1796 971 2010 1025 (nusquam
2040 969 2089 1023 d)
2118 983 2142 1015 2
2169 985 2244 1028 pro
2265 973 2494 1029 rfrequen.

128 1046 216 1092 ter;
245 1052 267 1080 o
296 1052 371 1097 pro
402 1052 494 1080 con
523 1042 564 1079 et
592 1052 649 1079 us
679 1037 721 1079 in
750 1037 830 1078 fine
858 1051 1000 1078 vocum
1030 1036 1195 1090 (bobo),
1233 1038 1263 1077 7
1290 1050 1365 1094 pro
1407 1040 1459 1077 et
1487 1034 1555 1089 (ὦ
1584 1037 1815 1091 nusquam).
1874 1036 2103 1078 Praeterea
2130 1036 2263 1080 lineae
2285 1039 2495 1085 coloratae

128 1120 243 1149 usum
284 1106 429 1148 aetatis
458 1104 584 1159 illius,
616 1103 778 1146 saeculo
806 1103 926 1146 XIII.
954 1104 1121 1161 primum
1151 1102 1354 1145 inductum
1382 1102 1570 1160 produnt.
1630 1101 1716 1145 Sed
1746 1107 1789 1144 ut
1818 1102 2036 1145 saeculo
2065 1101 2173 1148 XIV
2174 1134 2185 1146 .
2214 1105 2350 1161 potius
2380 1122 2496 1163 quam

125 1187 234 1216 saec.
263 1154 358 1218 XV.
401 1172 508 1227 hunc
529 1171 726 1215 'codicem
764 1170 1054 1224 attribuamus,
1100 1174 1142 1212 et
1178 1174 1265 1213 tota
1293 1170 1383 1227 ejus
1412 1168 1572 1212 indoles
1603 1183 1628 1211 a
1658 1182 1769 1211 saec.
1799 1167 1894 1213 XV.
1924 1182 2037 1211 more
2068 1170 2231 1213 omnino
2262 1170 2429 1216 diversa
2457 1181 2499 1217 et

125 1241 288 1299 singula
324 1241 543 1283 observata
578 1253 657 1282 nos
697 1242 876 1280 monent.
935 1235 1127 1277 Ceterum
1163 1251 1245 1278 non
1287 1251 1366 1277 una
1403 1236 1622 1292 eademque
1661 1250 1780 1277 manu
1819 1236 1893 1277 sed
1932 1236 2086 1279 duabus
2125 1239 2254 1280 variis
2295 1239 2364 1282 hic
2392 1241 2499 1284 liber

125 1310 301 1365 scriptus
341 1312 426 1349 est:
476 1322 568 1348 nam
603 1307 767 1363 priores
806 1304 981 1362 paginas
1019 1302 1263 1345 nitidissime
1308 1304 1484 1361 scriptas
1525 1303 1784 1359 subsequitur
1813 1317 1838 1345 a
1866 1303 1939 1346 fol.
1970 1305 2040 1347 18.
2070 1302 2146 1347 Od.
2177 1303 2225 1359 Ῑ,
2265 1308 2324 1349 26
2353 1322 2393 1351 v.
2424 1313 2500 1355 16.

122 1390 264 1421 manus
301 1374 432 1418 minus
472 1372 656 1416 exercita
690 1371 900 1429 minusque
939 1368 1137 1428 elegam,
1187 1367 1261 1412 sed
1309 1369 1511 1428 aliquanto
1550 1369 1709 1413 doctior
1754 1374 1796 1412 et
1824 1369 2089 1415 emendatior.
2145 1371 2251 1415 Nam
2278 1374 2397 1432 prior
2423 1376 2496 1421 illa

123 1459 220 1504 pars
251 1458 276 1485 a
303 1442 471 1485 librario
512 1439 672 1497 stupido
702 1444 744 1481 et
779 1432 966 1496 imperito
1006 1439 1160 1495 scripta
1187 1437 1399 1480 innumera
1438 1437 1562 1480 habet
1588 1439 1689 1480 vitia
1716 1439 1760 1480 in
1788 1439 1958 1481 vocibus
1987 1438 2055 1480 vel
2068 1450 2208 1496 prave
2237 1443 2403 1500 scriptis
2427 1446 2495 1489 vel

123 1518 274 1556 temere
305 1508 471 1554 omissis
501 1506 568 1550 vel
597 1504 745 1550 additis
775 1505 842 1549 vel
858 1504 1136 1565 transpositis,
1166 1508 1211 1547 ut
1237 1503 1275 1561 Ι,
1303 1506 1348 1561 8,
1379 1507 1448 1547 16.
1481 1519 1570 1547 seu
1599 1504 1804 1547 tollere
1832 1519 2046 1566 ponere.
2075 1509 2121 1561 4,
2150 1509 2217 1549 17.
2249 1508 2494 1568 plutonia

124 1581 299 1623 domus
340 1576 523 1619 exilis·
552 1578 604 1629 6,
643 1578 713 1619 11.
751 1588 959 1632 campus
997 1573 1250 1615 larissae.
1280 1577 1336 1628 6,
1376 1576 1443 1615 16.
1477 1587 1673 1632 sperne
1698 1579 1749 1615 tu
1779 1588 1923 1632 puer.
1953 1577 2025 1628 19,
2056 1577 2124 1617 18.
2156 1576 2241 1618 hic
2269 1579 2393 1622 mihi
2422 1582 2491 1624 vi.

123 1661 233 1690 vum
262 1633 529 1702 cespitem.
559 1644 633 1696 21,
662 1643 730 1684 13.
761 1640 862 1684 duos
894 1656 948 1683 ex
976 1655 1056 1683 uno
1084 1655 1232 1683 versus
1258 1640 1381 1683 facit:
1412 1639 1512 1683 Hic
1540 1641 1780 1684 miseram
1808 1641 1957 1684 famem
1995 1641 2092 1685 Hic
2122 1642 2307 1688 bellum
2333 1645 2491 1692 lacri-

124 1729 328 1759 mosum.
358 1709 460 1755 adeo
490 1709 528 1766 1,
560 1713 614 1753 16
643 1712 748 1753 extr.
777 1712 1057 1768 argumentum
1087 1708 1294 1766 sequentis
1317 1708 1535 1753 carminis:
1568 1722 1742 1766 „quam
1770 1709 1967 1753 invitat
1994 1710 2049 1754 in
2076 1710 2287 1756 fundum
2318 1717 2492 1760 suum“

125 1795 201 1843 pro
231 1794 359 1823 versu
399 1777 571 1820 additur.
629 1776 679 1818 ln
709 1776 839 1818 altera
866 1781 997 1833 parte,
1028 1790 1053 1818 a
1082 1790 1117 1817 c.
1151 1776 1276 1830 1‚29.
1303 1789 1471 1833 pravam
1484 1775 1595 1818 illius
1626 1778 1718 1818 aevi
1746 1777 1791 1818 in
1818 1778 1988 1819 vocibus
2016 1779 2244 1820 scribendis
2274 1790 2493 1826 consuetu-

124 1850 258 1893 dinem
287 1848 324 1890 si
349 1847 479 1888 minus
509 1857 718 1901 urgemus,
747 1844 840 1901 ipsa
866 1843 988 1886 lectio
1017 1842 1139 1886 multo
1167 1842 1322 1885 rectior
1350 1846 1393 1884 et
1418 1842 1562 1900 purior
1590 1846 1668 1885 est.
1726 1841 1869 1885 Prava
1895 1843 1966 1886 illa
1995 1845 2245 1889 consuetudo
2274 1850 2494 1910 praecipue

128 1916 309 1962 cernitur
335 1914 379 1958 in
407 1912 557 1957 litteris
588 1925 653 1966 θ’θ’
684 1924 722 1967 ⁰²
752 1910 783 1966 i?
812 1923 857 1969 y,
887 1909 921 1966 f,
950 1909 1020 1970 Ph,
1052 1924 1090 1966 οἳ
1120 1914 1151 1966 t,
1182 1908 1223 1966 ds
1256 1913 1447 1952 ttemere
1475 1909 1584 1952 intel·
1613 1922 1660 1952 88
1689 1910 1925 1969 permutatis
1958 1910 2102 1967 (lide,
2130 1913 2302 1971 pirre,
2334 1918 2490 1978 cipri,

126 1984 306 2044 sydus,
335 1994 493 2039 ryxa,
522 1992 705 2035 yecur,
735 1979 866 2035 phas
906 1983 1024 2033 atque
1053 1979 1275 2035 nephas,
1303 1979 1513 2030 vicium,
1543 1977 1723 2031 velud,
1744 1978 1950 2034 capud),
1977 1979 2324 2025 litterahtemere
2354 1987 2491 2030 addita

124 2054 191 2096 vel
220 2052 373 2095 omissa
414 2048 604 2105 (yems,
653 2044 803 2094 edus,
851 2043 1031 2099 holus,
1072 2045 1294 2100 harena,
1334 2044 1465 2088 hora
1501 2058 1576 2103 pro
1609 2045 1704 2097 ora)
1734 2044 2052 2089 consonantibus
2081 2045 2148 2089 vel
2176 2045 2391 2108 duplicatis
2423 2054 2490 2099 vel

124 2119 289 2166 omissis
306 2114 638 2171 (curricullo,
660 2112 921 2168 sarcullo,
951 2112 1108 2168 vella,
1138 2111 1321 2167 nillus,
1352 2112 1521 2168 occio,
1550 2111 1780 2171 pocullo,
1800 2111 2030 2171 paladis,
2050 2113 2203 2170 stela,
2223 2117 2392 2175 pelite
2409 2127 2487 2166 etc,

125 2187 364 2248 Singularia
401 2182 593 2242 quaedam
632 2181 811 2225 codicem
848 2181 892 2223 in
919 2180 1039 2223 Italia
1078 2181 1270 2239 scriptum
1300 2185 1501 2239 arguunt,
1530 2180 1642 2223 velut
1669 2180 1843 2234 michi,
1871 2180 2052 2235 nichil,
2083 2184 2360 2230 cechubum
2389 2193 2486 2249 (pro

125 2256 372 2310 caccubum),
406 2250 628 2296 schafae
657 2253 753 2309 (pro
785 2249 986 2308 scaphae)
1015 2263 1040 2291 o
1070 2263 1186 2308 prou
1205 2249 1440 2305 frequenter
1468 2248 1686 2302 inductum,
1715 2252 1760 2290 ut
1786 2248 2050 2306 plumbum,
2079 2251 2313 2308 mondus,
2343 2269 2488 2301 vere-

126 2324 363 2377 condum,
394 2319 692 2372 rotondum,
725 2317 908 2372 fonde,
937 2317 1266 2360 iracundior.
1299 2341 1352 2350 -
1399 2316 1841 2374 Orthographiae
1871 2317 1975 2360 ratio
2003 2316 2235 2376 plerumque
2263 2326 2487 2381 recentior,

124 2392 262 2434 velutz
303 2395 478 2439 autor,
506 2388 695 2440 littus,
725 2385 989 2443 Appulus,
1019 2385 1188 2439 thura,
1218 2383 1493 2438 solicitus,
1523 2384 1728 2438 mistus,
1757 2383 1954 2442 pulcer,
1983 2384 2174 2442 pulcra
2201 2393 2297 2432 cett.
2329 2416 2379 2424 —
2410 2392 2487 2437 In-

126 2456 433 2516 terpunctio
472 2454 699 2497 rarissima.
757 2452 806 2495 In
844 2452 924 2495 fine
963 2452 1196 2510 eclogarum
1235 2466 1360 2511 saepe
1398 2450 1621 2494 semicolon
1658 2451 1732 2505 (3)
1771 2449 1956 2494 additum.
1987 2474 2042 2484 —·
2086 2451 2155 2496 Ex
2182 2454 2302 2513 hujus
2333 2459 2488 2505 codicis

121 2523 449 2570 lectionibus
478 2520 692 2563 nonnullas
720 2520 787 2563 hic
817 2519 970 2563 afferre
999 2521 1145 2580 placet.
1173 2520 1207 2563 1.
1225 2519 1303 2564 od.
1333 2523 1376 2575 l,
1404 2521 1447 2562 5.
1469 2519 1677 2579 palmaque
1706 2518 1931 2561 nobiles.
1946 2521 1987 2561 7.
2018 2519 2138 2563 Hunc
2155 2523 2192 2564 si
2220 2526 2489 2573 nobilium.

116 2597 160 2649 3,
189 2595 259 2635 86.
287 2588 645 2645 Perrupitque
673 2586 923 2629 Acheronta.
950 2590 1020 2629 87.
1063 2588 1215 2630 ardui
1244 2592 1340 2630 est.
1375 2590 1446 2641 17,
1476 2589 1545 2629 12.
1576 2586 1747 2631 Vallis
1777 2592 1819 2627 et
1846 2588 2017 2632 usticae.
2044 2591 2117 2642 26,
2148 2593 2217 2633 16.
2246 2592 2491 2640 Possunt

117 2663 311 2705 honores.
349 2659 428 2704 28,
469 2656 540 2697 17.
581 2658 699 2695 torvo
738 2653 799 2695 ad
838 2654 1081 2711 spectacula.
1112 2657 1183 2698 81.
1228 2655 1436 2699 forsan.
1464 2655 1536 2696 33.
1566 2653 1785 2698 inultus.
1812 2655 1884 2708 85,
1913 2655 1985 2698 84.
2016 2654 2133 2699 dira
2161 2658 2403 2718 refugimus.
2432 2664 2489 2709 Π,

121 2728 201 2774 0d.
228 2729 273 2781 4,
301 2728 369 2768 26.
398 2727 551 2781 patre
581 2720 830 2778 pudendo.
873 2723 926 2773 7,
957 2723 1026 2763 15.
1064 2722 1107 2762 in
1135 2721 1282 2763 bellum
1310 2721 1610 2763 resolvens.
1640 2723 1708 2774 14,
1736 2722 1779 2765 5.
1809 2726 2002 2777 quotquot
2031 2730 2184 2767 erunt
2212 2725 2318 2773 dies.
2346 2733 2416 2784 16,
2444 2734 2487 2775 5.

119 2795 281 2839 bellis
319 2791 491 2834 furiosa.
527 2790 599 2832 22.
642 2786 928 2843 relinquet.
966 2785 1045 2831 ΙΙΙ.
1076 2786 1152 2829 od.
1192 2790 1246 2841 4,
1283 2789 1326 2830 5.
1355 2787 1614 2843 Auditus,
1652 2802 1703 2829 an
1747 2801 1822 2831 me.
1851 2786 1937 2844 lV,
1967 2791 2018 2845 1,
2046 2792 2117 2835 86.
2147 2793 2269 2836 animi
2296 2798 2488 2840 nuncia

121 2862 259 2906 mutui.
287 2857 419 2919 Epod²
447 2859 492 2911 9,
523 2858 590 2899 11.
619 2853 827 2896 Romanus
856 2852 953 2895 heu
981 2853 1094 2898 heu.
1124 2855 1195 2908 15,
1223 2854 1269 2898 5.
1298 2854 1612 2897 extenditur
1638 2855 1732 2897 ilex.
1762 2857 1832 2909 17,
1861 2857 1932 2897 67.
1963 2857 2169 2915 obligatus
2199 2860 2343 2904 alite.

229 2995 486 3053 40311115.
517 2990 573 3039 4.
632 2989 815 3037 Codex
852 2989 1218 3035 bibliothecae
1257 2990 1586 3036 Senatoriae
1610 2992 1953 3052 Lipsiensis,
1985 3006 2095 3039 saec.
2122 2993 2217 3039 XV.
2246 2996 2487 3045 chartaceus

116 3069 162 3111 in
188 3065 401 3124 4to.Rep.
429 3062 465 3106 1.
494 3064 535 3105 4.
563 3064 633 3104 46.
688 3060 884 3103 Notitiam
913 3060 1002 3116 ejus
1020 3058 1131 3101 dedit
1157 3058 1422 3102 Naumannus
1452 3061 1496 3103 in
1527 3060 1657 3105 Catal.
1686 3076 1724 3119 p.
1765 3062 1833 3104 15.
1863 3075 1927 3103 nr.
1956 3061 2118 3103 XLIII.
2151 3068 2194 3104 et
2222 3069 2317 3107 anto
2354 3068 2487 3126 ipsum

115 3136 258 3196 paucis
285 3134 434 3177 leviter
462 3130 681 3188 descripsit
709 3128 773 3187 G..
790 3128 847 3174 H.
874 3127 1045 3171 Martini
1074 3126 1179 3186 apud
1206 3126 1368 3171 Janium
1396 3128 1441 3171 in
1467 3129 1629 3189 proleg.
1660 3128 1715 3171 T.
1747 3127 1780 3173 Ι.
1818 3143 1858 3188 p.
1894 3126 2010 3173 XIV.
2041 3130 2108 3188 qui
2146 3130 2262 3176 titulo
2291 3132 2416 3195 Lips·
2445 3141 2486 3180 4·

117 3219 209 3248 eum
248 3202 494 3260 designavit.
552 3198 632 3243 Hic
662 3197 817 3253 codex,
863 3196 956 3241 olim
983 3193 1012 3239 J
1023 3209 1061 3241 o.
1102 3193 1220 3240 Chr.
1252 3194 1645 3255 Wagenseilii,
1683 3198 1796 3255 cujus
1835 3197 1999 3256 insigne
2028 3198 2072 3242 in
2100 3199 2239 3245 fronte
2267 3198 2404 3260 habet,
2430 3207 2488 3248 82
