2737 3600
144 316 422 363 Christianum
459 319 592 358 autem
629 312 697 359 vel
733 312 840 358 hunc
876 311 944 358 vel
970 311 1081 357 illum
1117 313 1270 368 fuisse,
1306 319 1420 357 certe
1447 328 1532 358 non
1565 317 1707 372 potest
1733 326 1788 355 ex
1808 309 1891 355 ullo
1920 309 2130 366 utriusque
2159 309 2402 387 scriptoram
2428 311 2524 354 loco

143 386 277 429 evinci
306 385 380 438 (cf.
413 381 621 440 Suringar
647 396 687 441 p.
714 382 821 436 88.).
883 379 971 424 Sed
998 386 1133 424 umen
1161 385 1371 436 utrumque
1398 378 1517 424 libris
1545 380 1811 439 interpretum
1838 376 2022 422 Horatii
2030 376 2155 421 multo
2175 376 2301 436 ipsis
2319 377 2522 436 antiq-im

141 454 254 496 ribus
293 463 409 493 usum
446 449 607 504 fuisse,
638 463 662 492 e
690 448 902 508 permultis
931 448 1114 507 ipsorum
1143 446 1263 501 locis,
1291 446 1336 501 in
1364 445 1509 503 quibua
1538 446 1710 491 aliorum
1736 446 2112 506 interpretationes
2124 444 2306 501 laudant,
2334 445 2417 489 etsi
2442 457 2520 489 ne-

141 518 314 563 minibus
355 517 552 573 omissis,
589 522 705 561 recte
743 516 978 574 colligitur,
1025 529 1128 573 quos
1165 515 1283 559 loces
1320 512 1527 571 Suri-gar
1561 513 1591 557 l.
1623 529 1661 559 c.
1688 530 1730 593 ῃ.
1761 515 1961 558 ae-a‘t
1996 517 2039 556 et
2071 513 2275 557 ⁶0—oe
2301 511 2522 571 diligenter

144 586 374 644 congessit.
431 584 568 642 Atque
607 583 712 627 adeo
750 597 852 642 quae
892 583 942 626 ab
980 583 1086 642 ipsis
1116 596 1171 626 ex
1205 581 1382 626 florente
1411 579 1542 625 adhuc
1569 580 1732 640 imperii
1758 581 1939 636 Romani
1966 584 2091 636 statu,
2118 593 2175 624 ex
2202 578 2311 624 cultu
2336 578 2522 629 Deorum

140 668 190 696 ac
229 653 474 696 ceremoniis
511 651 726 710 religiosis
766 652 889 694 etiam
926 650 1234 705 constantibus,
1270 663 1326 693 ex
1363 648 1508 692 civium
1534 647 1813 693 Romanorum
1850 650 1936 693 vita
1963 654 2007 693 et
2032 648 2211 692 moribus
2240 660 2329 697 cum
2356 648 2523 706 antiqua

139 719 436 764 consuetudine
467 718 822 773 convenientibus,
851 732 906 761 ex
933 718 1049 761 urbis
1076 717 1209 776 ipsius
1247 717 1411 775 antiqua
1432 716 1633 771 locurum,
1662 715 1917 774 templorum,
1946 716 2106 762 aedium
2134 721 2177 760 et
2201 714 2450 775 publicarum
2477 719 2522 758 et

139 789 389 847 privatarum
417 787 526 829 facie
555 800 605 829 ac
635 785 856 845 splendore
893 785 1104 845 permultis
1134 784 1512 829 commentariorum
1546 782 1654 827 locis
1682 787 1957 829 memorantur
1985 786 2109 841 (quos
2137 787 2234 843 post
2259 782 2391 828 Henr.
2422 780 2518 828 sle·

139 856 317 914 phanum
354 855 398 896 in
438 855 530 911 ejus
558 854 748 896 Diatribe
779 852 986 911 Suringar
1020 867 1062 912 p.
1095 855 1153 894 16
1168 875 1226 885 --
1239 852 1297 894 27
1326 850 1510 895 studiose
1547 850 1786 909 congessit:
1828 862 1908 893 nos
1946 849 2086 909 plures
2116 849 2520 905 etiam-notavimus)

140 938 187 966 ac
217 923 437 982 praecipue
467 935 569 979 quae
599 920 652 965 de
689 921 884 980 personis
913 921 1157 964 Horatianis
1197 934 1252 964 ex
1280 911 1534 962 accuratiore
1561 918 1817 962 Horatianae
1845 917 1994 960 aetatis
2023 919 2170 962 notitia
2197 919 2301 963 satis
2329 919 2519 977 frequen-

141 996 206 1033 ter
235 989 341 1050 apud
379 1003 455 1033 eos
493 987 732 1045 traduntur,
772 1003 824 1033 ea
861 988 912 1033 ah
951 987 1019 1032 his
1049 987 1285 1032 scholiastis
1323 1001 1408 1031 non
1435 992 1516 1031 tam
1545 987 1633 1030 suis
1663 986 1802 1029 verbis
1833 985 1994 1040 afferri,
2023 1000 2141 1043 quam
2169 1000 2224 1029 ex
2251 987 2522 1044 antiquiorum

135 1059 403 1117 interpretum
430 1056 535 1101 locis
564 1055 618 1100 ad
645 1057 813 1101 verbm
841 1055 1063 1116 exscriptis
1090 1055 1283 1115 proponi,
1310 1067 1504 1115 perquam
1530 1053 1741 1114 probabile
1770 1058 1849 1100 est.

252 1146 429 1200 Quinam
457 1152 590 1189 autem
626 1147 688 1189 illi
724 1151 891 1189 veteres
927 1146 1104 1200 fuerint,
1142 1144 1249 1188 unde
1279 1159 1376 1188 suas
1406 1144 1617 1188 doctrinae
1655 1144 1796 1205 copias
1835 1142 2083 1189 scholiastae
2120 1135 2288 1189 mutuati
2317 1145 2400 1190 sint
2413 1179 2427 1203 ,
2465 1160 2517 1191 ea

137 1230 239 1259 vero
285 1214 404 1258 valde
450 1214 631 1257 difficilis
668 1228 746 1256 nec
795 1227 966 1269 unquam
1017 1214 1120 1255 satis
1160 1213 1358 1255 solvenda
1394 1214 1580 1270 quaestio
1625 1217 1705 1265 est.
1775 1212 1985 1269 Nusquam
2023 1213 2130 1256 enim
2169 1226 2244 1256 eos
2280 1213 2517 1257 nominatim

138 1282 333 1326 indicant.
391 1279 479 1324 Sed
506 1279 646 1340 plures
676 1284 720 1323 et
746 1279 888 1323 varios
916 1278 1076 1335 fuisse,
1114 1293 1168 1322 ex
1195 1279 1471 1339 ipsis'eorum
1508 1279 1755 1323 testimoniis
1795 1284 1837 1324 et
1863 1278 2028 1329 iudiciis
2065 1272 2296 1324 certissime
2325 1280 2516 1324 efficitur.

137 1350 243 1392 Nam
272 1354 314 1392 et
342 1347 449 1407 apud
475 1347 809 1407 Porphyrionem
833 1346 992 1405 antiqui
1020 1347 1374 1406 grammaticorum
1403 1346 1681 1404 commentarii
1721 1345 1779 1391 de
1807 1346 2062 1408 personis
2094 1346 2411 1392 Horatianis
2441 1347 2516 1392 ali-

134 1417 294 1475 quoties
324 1420 601 1460 memorantur
628 1417 693 1471 (ut
718 1414 754 1458 1.
784 1414 874 1459 Sat.
905 1416 951 1469 8,
978 1417 1051 1458 21.
1097 1416 1201 1468 Qui
1226 1417 1291 1458 de
1320 1418 1572 1471 personia
1600 1416 1924 1458 Horatianis
1950 1418 2321 1472 nero‘peerunt5
2347 1417 2443 1460 item
2472 1431 2513 1459 v.

132 1486 206 1527 ⁰1.
237 1484 317 1537 ib.)
347 1488 390 1526 et
419 1481 525 1543 apud
552 1486 763 1539 utrumque
791 1481 836 1525 iu
865 1480 1042 1540 singulis
1071 1480 1176 1526 locis
1204 1483 1347 1526 variae
1374 1483 1581 1527 variorum
1607 1481 1969 1542 interpretationes
2007 1482 2339 1541 frequentissime
2365 1496 2516 1527 memo-

137 1557 283 1595 rantur
311 1551 378 1594 his
407 1551 572 1593 verbist
612 1552 785 1607 qna-'dans
810 1551 982 1593 volunt.-
1016 1551 1187 1607 quadan
1214 1552 1387 1596 dicunt.-
1424 1546 1504 1596 alii
1530 1553 1703 1596 ἀδευκέι
1738 1552 1818 1595 alii
1841 1557 2030 1608 negant.-
2066 1553 2147 1596 alic
2179 1554 2241 1596 aie
2277 1559 2516 1611 saporam.-

136 1622 332 1664 nonnnlla'
355 1622 422 1663 ita
450 1622 717 1676 dz‘atn‘ugnnt!
745 1623 815 1662 aut
844 1619 1084 1678 simpliciter
1097 1633 1174 1678 per
1198 1620 1352 1663 verba:
1382 1622 1537 1664 diter.-
1563 1622 1656 1664 vel.-
1683 1627 1788 1664 ut.-
1816 1622 1953 1665 aln'aem
1978 1623 2047 1663 vel
2072 1624 2232 1665 etiam.-
2259 1614 2518 1665 (tenestem

136 1690 291 1733 diter.-
327 1690 387 1741 (ν.
429 1701 494 1747 ιιῃ.
526 1685 746 1746 Suringar.
784 1686 812 1733 l.
842 1689 917 1741 c.).
975 1685 1062 1732 Sed
1088 1701 1166 1731 nec
1196 1685 1247 1731 C.
1283 1687 1522 1744 Aemilii,
1560 1688 1704 1733 nescio
1743 1689 1859 1746 cujus
1900 1690 2169 1748 grammatici,
2208 1703 2325 1747 quem
2346 1690 2434 1747 Jam
2462 1704 2517 1733 ex

132 1770 302 1799 numero
336 1755 648 1799 scholiastarum
679 1755 877 1799 exsulare
896 1756 1099 1812 jussimus
1129 1758 1235 1808 (not.
1264 1756 1308 1799 ὅ.
1338 1770 1379 1815 ῃ.
1407 1757 1500 1809 4⁸.)
1529 1769 1607 1799 nec
1635 1754 1889 1812 Modesti,
1918 1757 1986 1815 qui
2013 1754 2171 1803 in'Vita
2197 1755 2269 1801 illa
2296 1756 2426 1802 altera
2453 1759 2516 1802 in-

133 1830 199 1867 ter
228 1822 394 1866 Horatii
422 1822 674 1883 interpretes
703 1829 976 1880 memoratur,
1022 1823 1065 1867 in
1093 1823 1275 1867 Acronis
1313 1829 1355 1867 et
1380 1823 1685 1883 Porphyrionis
1715 1817 2028 1868 commentariis
2044 1823 2168 1868 ullum
2195 1824 2415 1885 vestigium
2445 1840 2516 1886 ap·

133 1896 268 1952 paret,
308 1892 389 1934 etsi
417 1891 603 1936 Julius
632 1891 923 1935 Modestus
953 1892 1350 1948 grammaticus,
1392 1888 1508 1948 quem
1537 1891 1708 1934 Sueten.
1748 1890 1799 1933 de
1825 1891 1982 1934 illustr.
2011 1890 2190 1934 Gramm.
2210 1896 2318 1954 cap.
2356 1895 2429 1939 20.
2461 1893 2513 1939 C.

132 1958 234 2004 Julii
261 1957 471 2017 Hygini
499 1957 689 2017 (Horatii
717 1957 921 2017 aequalis)
948 1957 1137 2002 libertum
1165 1957 1279 2015 dicit,
1307 1958 1352 2002 in
1380 1957 1527 2003 studiis
1556 1964 1675 2016 atque
1704 1957 1891 2004 doctrina
1917 1959 2099 2017 vestigia
2124 1961 2290 2019 patroni
2318 1965 2514 2018 secutum,

132 2042 157 2070 a
187 2027 321 2071 Gellio
334 2058 348 2081 ,
377 2026 595 2071 Macrobio
644 2031 687 2070 et
723 2024 918 2070 Charisia
959 2026 1175 2085 aliquoties
1214 2025 1442 2071 honorifice
1481 2031 1816 2070 commemoratur
1856 2026 1918 2082 (v.
1956 2024 2173 2086 Suringar‘
2197 2035 2239 2087 p.
2252 2029 2342 2085 ⁴8⁷,
2382 2032 2404 2083 §
2432 2031 2514 2086 4.),

133 2110 211 2138 nec
242 2094 455 2152 quidquam
484 2095 636 2149 obstat,
664 2094 877 2151 quominus
897 2108 987 2136 eum
1001 2094 1233 2137 Horatiana
1260 2104 1417 2151 quoque
1446 2095 1601 2153 scripta
1627 2099 1724 2153 post
1751 2095 1842 2151 ejus
1870 2089 2049 2137 mortem*
2068 2093 2301 2138 illustrasse
2315 2100 2515 2155 putemus.

132 2162 224 2205 Nec
252 2176 354 2206 vero
385 2160 439 2216 Q.
460 2160 723 2205 Terentii
752 2159 958 2217 Scauri,
988 2174 1104 2218 quem
1127 2160 1183 2205 A.
1210 2159 1368 2205 Gellius
1392 2160 1544 2216 bjx,
1573 2174 1611 2205 c.
1641 2162 1708 2205 15.
1738 2162 1828 2205 diet
1851 2155 2070 2205 Reddat&
2094 2164 2347 2219 tempor-ihm
2371 2173 2515 2222 ‘rm

130 2233 333 2274 mat-‘cum
359 2231 429 2273 eol
455 2229 753 2273 newham
781 2227 904 2284 dicit,
955 2226 1064 2289 apud
1100 2227 1334 2273 duumviros
1372 2234 1541 2274 nostres
1580 2228 1663 2273 ulla
1697 2229 1847 2274 mentio
1893 2229 1965 2284 fit,
2012 2242 2246 2288 quamquam
2282 2231 2322 2274 is
2347 2235 2515 2291 praeter

132 2298 215 2342 alia
244 2304 287 2341 et
313 2298 460 2357 plenos
489 2298 534 2341 in
562 2298 709 2340 Artem
747 2296 950 2356 poeticam
987 2296 1300 2340 commentarios
1340 2296 1532 2356 scripsit,
1571 2311 1742 2355 querum
1784 2296 1890 2341 liher
1936 2296 2115 2341 decimus
2154 2298 2218 2341 his
2264 2312 2292 2341 a
2318 2297 2513 2344 charisio

133 2380 306 2424 gramm.
336 2378 435 2424 pag.
464 2367 565 2408 182.
595 2366 693 2407 lae.
724 2364 873 2406 citatur
901 2363 978 2409 (cf.
1008 2361 1215 2421 Suringar
1240 2377 1282 2424 p.
1309 2364 1384 2420 ⁰⁰,
1412 2364 1456 2415 8.
1483 2363 1564 2423 a).
1622 2362 1782 2409 Horum
1811 2364 1945 2425 cepfis
1974 2361 2183 2424 utrumque
2209 2365 2374 2412 inArte
2402 2373 2512 2427 poet.

134 2431 380 2493 explicanda
409 2445 508 2475 esse
536 2446 681 2486 usum,
709 2431 778 2474 vel
805 2430 901 2474 inde
928 2431 1140 2489 probabile
1168 2431 1239 2486 fit,
1269 2430 1377 2489 quod
1404 2432 1615 2490 utriusque
1643 2432 1948 2489 commentarii,
1975 2432 2158 2477 Acronis
2185 2433 2431 2495 praecipue,
2460 2434 2514 2480 ad

133 2501 239 2545 hunc
266 2500 414 2545 librum
443 2497 570 2542 multo
596 2497 807 2558 pleniores
837 2502 880 2542 et
908 2497 1181 2557 copiosiores,
1212 2513 1328 2557 quam
1356 2498 1410 2542 ad
1436 2499 1595 2558 reliqua
1621 2504 1770 2559 poetae
1797 2500 1931 2548 nostri
1956 2500 2111 2562 scripta
2139 2505 2318 2546 exstant.
2374 2504 2512 2561 Atque

132 2568 239 2611 hunc
266 2568 400 2628 ipsum
430 2565 678 2610 Terentium
708 2564 909 2609 Scaurum
946 2564 1021 2617 suh
1051 2563 1499 2611 Commentatoris
1547 2567 1819 2626 appellatione
1856 2568 1906 2612 ah
1946 2568 2114 2613 Acrone
2162 2569 2390 2629 significari
2416 2570 2512 2617 loco

130 2635 186 2681 A.
227 2640 339 2693 poet.
378 2637 476 2678 120.
517 2633 577 2678 Si
610 2632 763 2678 forte
799 2632 1025 2693 reponis
1063 2631 1347 2678 Achillem·
1397 2648 1486 2678 cum
1523 2634 1643 2679 dicit.
1691 2637 1826 2693 Apud
1864 2637 2241 2682 &mentum
2278 2640 2346 2682 aso
2370 2641 2515 2685 ὑιοαδ

130 2705 319 2747 relatum
349 2707 445 2746 cett.
482 2705 542 2755 (v.
573 2701 794 2760 Suringar.
823 2715 865 2760 p.
894 2701 992 2753 96.)
1035 2700 1181 2744 merito
1219 2701 1309 2759 quis
1347 2703 1550 2762 suspicari
1586 2709 1756 2762 posset,
1791 2704 1875 2749 nisi
1911 2705 1955 2748 in
1991 2705 2160 2749 Acrone
2198 2709 2343 2750 nostro
2379 2711 2510 2750 mscto

131 2770 236 2815 Gud.
268 2770 465 2830 scriptum
495 2773 700 2813 exstaret:
729 2769 870 2827 Apud
901 2768 1260 2814 Gon-mentatum
1284 2772 1346 2816 εἰσ
1373 2770 1514 2816 m
1536 2772 1735 2816 relatum.

282 3154 532 3244 ,,,...-,..
558 3180 661 3235 s..
500 3027 792 3235 ”³³4⁶
821 3064 1416 3244 mmmm
1448 3092 1732 3238 mx:
1775 3211 1800 3236 .
1964 3155 2510 3247 ‚·...··=.²·..·.:==²··.....s.
2445 3169 2510 3194 ..‚.

375 3243 385 3253 ·
480 3224 493 3235 '
798 3230 804 3238 '
993 3225 2509 3299 ‚sa³,02n..010.-l-11.‚=..·.u„ambustus-„u-
