<?xml version="1.0" encoding="UTF-8"?>
<!DOCTYPE html PUBLIC "-//W3C//DTD XHTML 1.0 Transitional//EN"
    "http://www.w3.org/TR/xhtml1/DTD/xhtml1-transitional.dtd">
<html xmlns="http://www.w3.org/1999/xhtml" xml:lang="en" lang="en">
 <head>
  <title>
</title>
<meta http-equiv="Content-Type" content="text/html;charset=utf-8" />
  <meta name='ocr-system' content='tesseract 3.04.00' />
  <meta name='ocr-capabilities' content='ocr_page ocr_carea ocr_par ocr_line ocrx_word'/>
</head>
<body>
  <div class='ocr_page' id='page_1' title='image "./4627232_0063.png"; bbox 0 0 2737 3600; ppageno 0'>
   <div class='ocr_carea' id='block_1_1' title="bbox 1330 203 1400 254">
    <p class='ocr_par' dir='ltr' id='par_1_1' title="bbox 1330 203 1400 254">
     <span class='ocr_line' id='line_1_1' title="bbox 1330 203 1400 254; baseline 0 0"><span class='ocrx_word' id='word_1_1' title='bbox 1330 203 1400 254; x_wconf 82' lang='grc'><strong>54</strong></span> 
     </span>
    </p>
   </div>
   <div class='ocr_carea' id='block_1_2' title="bbox 1211 273 1526 281">
    <p class='ocr_par' dir='ltr' id='par_1_2' title="bbox 1211 273 1526 281">
     <span class='ocr_line' id='line_1_2' title="bbox 1211 273 1526 281; baseline 0 0"><span class='ocrx_word' id='word_1_2' title='bbox 1211 273 1526 281; x_wconf 95' lang='lat' dir='ltr'><strong> </strong></span> 
     </span>
    </p>
   </div>
   <div class='ocr_carea' id='block_1_3' title="bbox 164 335 2553 1476">
    <p class='ocr_par' dir='ltr' id='par_1_3' title="bbox 164 335 2553 1476">
     <span class='ocr_line' id='line_1_3' title="bbox 169 335 2551 396; baseline -0 -12"><span class='ocrx_word' id='word_1_3' title='bbox 169 338 354 385; x_wconf 83' lang='lat' dir='ltr'><strong>Troia.</strong></span> <span class='ocrx_word' id='word_1_4' title='bbox 380 339 450 383; x_wconf 83' lang='grc'><strong>44.</strong></span> <span class='ocrx_word' id='word_1_5' title='bbox 480 337 767 381; x_wconf 79' lang='lat' dir='ltr'><strong>Annabunt</strong></span> <span class='ocrx_word' id='word_1_6' title='bbox 793 337 949 395; x_wconf 83' lang='lat' dir='ltr'><strong>tynni</strong></span> <span class='ocrx_word' id='word_1_7' title='bbox 976 336 1049 383; x_wconf 85' lang='grc'><strong>74.</strong></span> <span class='ocrx_word' id='word_1_8' title='bbox 1088 340 1285 384; x_wconf 78' lang='lat' dir='ltr'><strong>scribit</strong></span> <span class='ocrx_word' id='word_1_9' title='bbox 1323 338 1456 382; x_wconf 83' lang='lat' dir='ltr'><strong>mala</strong></span> <span class='ocrx_word' id='word_1_10' title='bbox 1493 337 1733 383; x_wconf 86' lang='lat' dir='ltr'><strong>crimina.</strong></span> <span class='ocrx_word' id='word_1_11' title='bbox 1761 339 1830 381; x_wconf 93' lang='grc'><strong>76.</strong></span> <span class='ocrx_word' id='word_1_12' title='bbox 1857 335 2191 396; x_wconf 73' lang='lat' dir='ltr'><strong>Penelopam.</strong></span> <span class='ocrx_word' id='word_1_13' title='bbox 2217 339 2288 380; x_wconf 94' lang='grc'><strong>81.</strong></span> <span class='ocrx_word' id='word_1_14' title='bbox 2319 338 2408 382; x_wconf 83' lang='lat' dir='ltr'><strong>Sic</strong></span> <span class='ocrx_word' id='word_1_15' title='bbox 2437 339 2551 383; x_wconf 88' lang='lat' dir='ltr'><strong>tibi.</strong></span> 
     </span>
     <span class='ocr_line' id='line_1_4' title="bbox 172 400 2550 465; baseline -0.001 -14"><span class='ocrx_word' id='word_1_16' title='bbox 172 411 220 463; x_wconf 91' lang='grc'><strong>6,</strong></span> <span class='ocrx_word' id='word_1_17' title='bbox 248 410 319 450; x_wconf 89' lang='grc'><strong>96.</strong></span> <span class='ocrx_word' id='word_1_18' title='bbox 351 400 684 463; x_wconf 83' lang='lat' dir='ltr'><strong>quodtejuvat.</strong></span> <span class='ocrx_word' id='word_1_19' title='bbox 712 407 758 459; x_wconf 93' lang='grc'><strong>7,</strong></span> <span class='ocrx_word' id='word_1_20' title='bbox 789 406 857 447; x_wconf 91' lang='grc'><strong>18.</strong></span> <span class='ocrx_word' id='word_1_21' title='bbox 889 404 1081 448; x_wconf 90' lang='lat' dir='ltr'><strong>doctor</strong></span> <span class='ocrx_word' id='word_1_22' title='bbox 1109 408 1201 462; x_wconf 83' lang='lat' dir='ltr'><strong>(vel</strong></span> <span class='ocrx_word' id='word_1_23' title='bbox 1230 421 1293 450; x_wconf 90' lang='lat' dir='ltr'><strong>us</strong></span> <span class='ocrx_word' id='word_1_24' title='bbox 1325 408 1562 465; x_wconf 86' lang='lat' dir='ltr'><strong>superscr.)</strong></span> <span class='ocrx_word' id='word_1_25' title='bbox 1591 406 1730 449; x_wconf 59' lang='lat' dir='ltr'><strong>ltin</strong></span> <span class='ocrx_word' id='word_1_26' title='bbox 1757 406 1984 465; x_wconf 85' lang='lat' dir='ltr'><strong>phimum.</strong></span> <span class='ocrx_word' id='word_1_27' title='bbox 2014 408 2083 448; x_wconf 87' lang='grc'><strong>19.</strong></span> <span class='ocrx_word' id='word_1_28' title='bbox 2114 405 2426 449; x_wconf 86' lang='lat' dir='ltr'><strong>acriorille.</strong></span> <span class='ocrx_word' id='word_1_29' title='bbox 2453 420 2503 451; x_wconf 81' lang='lat' dir='ltr'><strong>a.</strong></span> <span class='ocrx_word' id='word_1_30' title='bbox 2525 409 2550 449; x_wconf 81' lang='grc'><strong>1.</strong></span> 
     </span>
     <span class='ocr_line' id='line_1_5' title="bbox 169 471 2551 530; baseline 0.001 -16"><span class='ocrx_word' id='word_1_31' title='bbox 169 489 221 518; x_wconf 82' lang='grc' dir='ltr'><strong>ιιι.</strong></span> <span class='ocrx_word' id='word_1_32' title='bbox 251 475 327 527; x_wconf 87' lang='lat' dir='ltr'><strong>(ac</strong></span> <span class='ocrx_word' id='word_1_33' title='bbox 364 474 531 530; x_wconf 88' lang='lat' dir='ltr'><strong>prior.</strong></span> <span class='ocrx_word' id='word_1_34' title='bbox 568 486 678 516; x_wconf 77' lang='lat' dir='ltr'><strong>corr,</strong></span> <span class='ocrx_word' id='word_1_35' title='bbox 710 487 736 514; x_wconf 86' lang='lat' dir='ltr'><strong>a</strong></span> <span class='ocrx_word' id='word_1_36' title='bbox 762 476 803 515; x_wconf 90' lang='lat'><strong>2.</strong></span> <span class='ocrx_word' id='word_1_37' title='bbox 833 474 909 523; x_wconf 89' lang='lat' dir='ltr'><strong>m.)</strong></span> <span class='ocrx_word' id='word_1_38' title='bbox 937 475 1008 515; x_wconf 86' lang='grc'><strong>26.</strong></span> <span class='ocrx_word' id='word_1_39' title='bbox 1048 472 1149 525; x_wconf 88' lang='lat' dir='ltr'><strong>Qui</strong></span> <span class='ocrx_word' id='word_1_40' title='bbox 1188 480 1289 516; x_wconf 85' lang='lat' dir='ltr'><strong>tam</strong></span> <span class='ocrx_word' id='word_1_41' title='bbox 1319 477 1619 530; x_wconf 86' lang='lat' dir='ltr'><strong>contempto</strong></span> <span class='ocrx_word' id='word_1_42' title='bbox 1661 488 1803 529; x_wconf 85' lang='lat' dir='ltr'><strong>quam</strong></span> <span class='ocrx_word' id='word_1_43' title='bbox 1839 473 1977 517; x_wconf 87' lang='lat' dir='ltr'><strong>laxo.</strong></span> <span class='ocrx_word' id='word_1_44' title='bbox 2013 475 2086 518; x_wconf 83' lang='lat'><strong>81.</strong></span> <span class='ocrx_word' id='word_1_45' title='bbox 2125 471 2224 515; x_wconf 82' lang='lat' dir='ltr'><strong>alii</strong></span> <span class='ocrx_word' id='word_1_46' title='bbox 2261 472 2411 519; x_wconf 51' lang='lat' dir='ltr'><strong>servi&amp;</strong></span> <span class='ocrx_word' id='word_1_47' title='bbox 2449 474 2551 516; x_wconf 85' lang='lat'><strong>118.</strong></span> 
     </span>
     <span class='ocr_line' id='line_1_6' title="bbox 167 537 2553 598; baseline -0.001 -14"><span class='ocrx_word' id='word_1_48' title='bbox 167 546 218 584; x_wconf 86' lang='lat' dir='ltr'><strong>et</strong></span> <span class='ocrx_word' id='word_1_49' title='bbox 246 553 385 585; x_wconf 89' lang='lat' dir='ltr'><strong>erro.</strong></span> <span class='ocrx_word' id='word_1_50' title='bbox 415 542 461 594; x_wconf 90' lang='lat'><strong>8,</strong></span> <span class='ocrx_word' id='word_1_51' title='bbox 493 542 533 585; x_wconf 85' lang='lat'><strong>1.</strong></span> <span class='ocrx_word' id='word_1_52' title='bbox 564 538 630 584; x_wconf 90' lang='lat' dir='ltr'><strong>Ut</strong></span> <span class='ocrx_word' id='word_1_53' title='bbox 656 538 946 583; x_wconf 83' lang='lat' dir='ltr'><strong>Nasidieni</strong></span> <span class='ocrx_word' id='word_1_54' title='bbox 969 539 1114 596; x_wconf 81' lang='lat' dir='ltr'><strong>juvit</strong></span> <span class='ocrx_word' id='word_1_55' title='bbox 1142 545 1206 584; x_wconf 90' lang='lat' dir='ltr'><strong>te.</strong></span> <span class='ocrx_word' id='word_1_56' title='bbox 1230 541 1300 583; x_wconf 85' lang='grc'><strong>24.</strong></span> <span class='ocrx_word' id='word_1_57' title='bbox 1332 538 1496 582; x_wconf 89' lang='lat' dir='ltr'><strong>semel</strong></span> <span class='ocrx_word' id='word_1_58' title='bbox 1525 539 1918 586; x_wconf 57' lang='lat' dir='ltr'><strong>obsorbermw.</strong></span> <span class='ocrx_word' id='word_1_59' title='bbox 1947 538 2082 583; x_wconf 91' lang='lat' dir='ltr'><strong>nihil</strong></span> <span class='ocrx_word' id='word_1_60' title='bbox 2111 539 2289 586; x_wconf 55' lang='lat' dir='ltr'><strong>siam.</strong></span> <span class='ocrx_word' id='word_1_61' title='bbox 2315 537 2553 598; x_wconf 73' lang='lat' dir='ltr'><strong>leporum</strong></span> 
     </span>
     <span class='ocr_line' id='line_1_7' title="bbox 165 605 2552 666; baseline -0.001 -16"><span class='ocrx_word' id='word_1_62' title='bbox 165 607 367 651; x_wconf 85' lang='lat' dir='ltr'><strong>vulsos.</strong></span> <span class='ocrx_word' id='word_1_63' title='bbox 404 606 440 653; x_wconf 91' lang='lat' dir='ltr'><strong>I.</strong></span> <span class='ocrx_word' id='word_1_64' title='bbox 476 606 555 666; x_wconf 92' lang='lat' dir='ltr'><strong>Ep.</strong></span> <span class='ocrx_word' id='word_1_65' title='bbox 594 609 646 661; x_wconf 84' lang='grc'><strong>2,</strong></span> <span class='ocrx_word' id='word_1_66' title='bbox 686 609 727 649; x_wconf 86' lang='grc'><strong>4.</strong></span> <span class='ocrx_word' id='word_1_67' title='bbox 767 606 1009 651; x_wconf 78' lang='lat' dir='ltr'><strong>Plenius.</strong></span> <span class='ocrx_word' id='word_1_68' title='bbox 1038 607 1081 649; x_wconf 95' lang='grc'><strong>5.</strong></span> <span class='ocrx_word' id='word_1_69' title='bbox 1124 605 1365 648; x_wconf 82' lang='lat' dir='ltr'><strong>distinet.</strong></span> <span class='ocrx_word' id='word_1_70' title='bbox 1393 607 1436 646; x_wconf 89' lang='lat'><strong>8.</strong></span> <span class='ocrx_word' id='word_1_71' title='bbox 1467 609 1692 650; x_wconf 86' lang='lat' dir='ltr'><strong>aestum.</strong></span> <span class='ocrx_word' id='word_1_72' title='bbox 1719 608 1790 648; x_wconf 87' lang='lat'><strong>28.</strong></span> <span class='ocrx_word' id='word_1_73' title='bbox 1819 606 2142 666; x_wconf 75' lang='lat' dir='ltr'><strong>Penelopae.</strong></span> <span class='ocrx_word' id='word_1_74' title='bbox 2168 609 2238 649; x_wconf 85' lang='lat'><strong>81.</strong></span> <span class='ocrx_word' id='word_1_75' title='bbox 2281 610 2552 649; x_wconf 88' lang='lat' dir='ltr'><strong>cessatum</strong></span> 
     </span>
     <span class='ocr_line' id='line_1_8' title="bbox 167 672 2551 733; baseline 0 -15"><span class='ocrx_word' id='word_1_76' title='bbox 167 675 364 719; x_wconf 83' lang='lat' dir='ltr'><strong>ducere</strong></span> <span class='ocrx_word' id='word_1_77' title='bbox 395 689 621 718; x_wconf 84' lang='lat' dir='ltr'><strong>somnum</strong></span> <span class='ocrx_word' id='word_1_78' title='bbox 651 675 740 728; x_wconf 84' lang='lat' dir='ltr'><strong>(vel</strong></span> <span class='ocrx_word' id='word_1_79' title='bbox 768 688 935 717; x_wconf 85' lang='lat' dir='ltr'><strong>curam</strong></span> <span class='ocrx_word' id='word_1_80' title='bbox 959 673 1010 716; x_wconf 90' lang='lat' dir='ltr'><strong>ad</strong></span> <span class='ocrx_word' id='word_1_81' title='bbox 1028 677 1183 731; x_wconf 79' lang='lat' dir='ltr'><strong>marg.)</strong></span> <span class='ocrx_word' id='word_1_82' title='bbox 1211 674 1282 715; x_wconf 89' lang='lat'><strong>82.</strong></span> <span class='ocrx_word' id='word_1_83' title='bbox 1311 672 1582 718; x_wconf 86' lang='lat' dir='ltr'><strong>hominem.</strong></span> <span class='ocrx_word' id='word_1_84' title='bbox 1610 675 1681 715; x_wconf 91' lang='grc'><strong>46.</strong></span> <span class='ocrx_word' id='word_1_85' title='bbox 1713 674 1989 732; x_wconf 79' lang='lat' dir='ltr'><strong>contingit</strong></span> <span class='ocrx_word' id='word_1_86' title='bbox 2016 675 2157 718; x_wconf 87' lang='lat' dir='ltr'><strong>nihil</strong></span> <span class='ocrx_word' id='word_1_87' title='bbox 2186 673 2479 733; x_wconf 74' lang='lat' dir='ltr'><strong>amplius.4,</strong></span> <span class='ocrx_word' id='word_1_88' title='bbox 2507 675 2551 718; x_wconf 89' lang='grc'><strong>7.</strong></span> 
     </span>
     <span class='ocr_line' id='line_1_9' title="bbox 165 740 2553 801; baseline -0.001 -15"><span class='ocrx_word' id='word_1_89' title='bbox 165 741 439 787; x_wconf 87' lang='lat' dir='ltr'><strong>dederunt.</strong></span> <span class='ocrx_word' id='word_1_90' title='bbox 469 745 512 785; x_wconf 92' lang='grc'><strong>9.</strong></span> <span class='ocrx_word' id='word_1_91' title='bbox 542 740 641 794; x_wconf 85' lang='lat' dir='ltr'><strong>Qui</strong></span> <span class='ocrx_word' id='word_1_92' title='bbox 672 755 878 801; x_wconf 90' lang='lat' dir='ltr'><strong>sapere.</strong></span> <span class='ocrx_word' id='word_1_93' title='bbox 907 742 952 796; x_wconf 89' lang='grc'><strong>5,</strong></span> <span class='ocrx_word' id='word_1_94' title='bbox 982 744 1023 785; x_wconf 92' lang='grc'><strong>1.</strong></span> <span class='ocrx_word' id='word_1_95' title='bbox 1053 740 1345 784; x_wconf 85' lang='lat' dir='ltr'><strong>archiacis.</strong></span> <span class='ocrx_word' id='word_1_96' title='bbox 1371 743 1414 783; x_wconf 90' lang='grc'><strong>6.</strong></span> <span class='ocrx_word' id='word_1_97' title='bbox 1446 753 1693 787; x_wconf 77' lang='lat' dir='ltr'><strong>arcesse.</strong></span> <span class='ocrx_word' id='word_1_98' title='bbox 1726 741 1795 784; x_wconf 89' lang='grc'><strong>17.</strong></span> <span class='ocrx_word' id='word_1_99' title='bbox 1823 740 2067 784; x_wconf 85' lang='lat' dir='ltr'><strong>inertem.</strong></span> <span class='ocrx_word' id='word_1_100' title='bbox 2110 744 2180 786; x_wconf 90' lang='grc'><strong>26.</strong></span> <span class='ocrx_word' id='word_1_101' title='bbox 2211 740 2422 785; x_wconf 85' lang='lat' dir='ltr'><strong>Butram</strong></span> <span class='ocrx_word' id='word_1_102' title='bbox 2452 740 2553 784; x_wconf 90' lang='lat' dir='ltr'><strong>tibi</strong></span> 
     </span>
     <span class='ocr_line' id='line_1_10' title="bbox 166 806 2548 870; baseline -0.001 -17"><span class='ocrx_word' id='word_1_103' title='bbox 166 810 583 870; x_wconf 81' lang='lat' dir='ltr'><strong>Septiciumque.</strong></span> <span class='ocrx_word' id='word_1_104' title='bbox 620 812 672 861; x_wconf 93' lang='grc'><strong>6,</strong></span> <span class='ocrx_word' id='word_1_105' title='bbox 709 810 752 851; x_wconf 91' lang='grc'><strong>5.</strong></span> <span class='ocrx_word' id='word_1_106' title='bbox 792 809 979 851; x_wconf 84' lang='lat' dir='ltr'><strong>imbuti</strong></span> <span class='ocrx_word' id='word_1_107' title='bbox 1011 812 1277 867; x_wconf 88' lang='lat' dir='ltr'><strong>spectant.</strong></span> <span class='ocrx_word' id='word_1_108' title='bbox 1307 810 1362 862; x_wconf 88' lang='grc'><strong>7,</strong></span> <span class='ocrx_word' id='word_1_109' title='bbox 1390 809 1459 848; x_wconf 84' lang='grc'><strong>41.</strong></span> <span class='ocrx_word' id='word_1_110' title='bbox 1483 806 1666 849; x_wconf 86' lang='lat' dir='ltr'><strong>Ithace</strong></span> <span class='ocrx_word' id='word_1_111' title='bbox 1693 806 1859 848; x_wconf 88' lang='lat' dir='ltr'><strong>locus.</strong></span> <span class='ocrx_word' id='word_1_112' title='bbox 1877 810 1948 849; x_wconf 80' lang='grc'><strong>64.</strong></span> <span class='ocrx_word' id='word_1_113' title='bbox 1968 806 2245 854; x_wconf 83' lang='lat' dir='ltr'><strong>Volteium.</strong></span> <span class='ocrx_word' id='word_1_114' title='bbox 2272 812 2325 864; x_wconf 89' lang='lat'><strong>8,</strong></span> <span class='ocrx_word' id='word_1_115' title='bbox 2353 812 2397 854; x_wconf 92' lang='grc'><strong>6.</strong></span> <span class='ocrx_word' id='word_1_116' title='bbox 2417 808 2548 866; x_wconf 76' lang='lat' dir='ltr'><strong>agris.</strong></span> 
     </span>
     <span class='ocr_line' id='line_1_11' title="bbox 164 873 2549 935; baseline -0 -14"><span class='ocrx_word' id='word_1_117' title='bbox 164 882 210 932; x_wconf 86' lang='grc'><strong>9,</strong></span> <span class='ocrx_word' id='word_1_118' title='bbox 238 881 283 922; x_wconf 89' lang='grc'><strong>6.</strong></span> <span class='ocrx_word' id='word_1_119' title='bbox 314 878 554 934; x_wconf 87' lang='lat' dir='ltr'><strong>agnovit.</strong></span> <span class='ocrx_word' id='word_1_120' title='bbox 585 880 656 931; x_wconf 92' lang='grc'><strong>16,</strong></span> <span class='ocrx_word' id='word_1_121' title='bbox 684 880 731 926; x_wconf 83' lang='grc'><strong>9.</strong></span> <span class='ocrx_word' id='word_1_122' title='bbox 762 875 823 919; x_wconf 88' lang='lat' dir='ltr'><strong>ad</strong></span> <span class='ocrx_word' id='word_1_123' title='bbox 862 876 1063 919; x_wconf 87' lang='lat' dir='ltr'><strong>caelum</strong></span> <span class='ocrx_word' id='word_1_124' title='bbox 1091 876 1269 918; x_wconf 83' lang='lat' dir='ltr'><strong>fertis.</strong></span> <span class='ocrx_word' id='word_1_125' title='bbox 1308 874 1630 918; x_wconf 80' lang='lat' dir='ltr'><strong>18.div.ellat.</strong></span> <span class='ocrx_word' id='word_1_126' title='bbox 1662 875 1733 918; x_wconf 83' lang='lat'><strong>28.</strong></span> <span class='ocrx_word' id='word_1_127' title='bbox 1762 873 2103 934; x_wconf 87' lang='lat' dir='ltr'><strong>propiusque.</strong></span> <span class='ocrx_word' id='word_1_128' title='bbox 2134 877 2205 930; x_wconf 90' lang='lat'><strong>18,</strong></span> <span class='ocrx_word' id='word_1_129' title='bbox 2236 878 2304 920; x_wconf 85' lang='grc'><strong>14.</strong></span> <span class='ocrx_word' id='word_1_130' title='bbox 2326 876 2549 935; x_wconf 79' lang='lat' dir='ltr'><strong>glomos.</strong></span> 
     </span>
     <span class='ocr_line' id='line_1_12' title="bbox 169 935 2552 1000; baseline -0 -12"><span class='ocrx_word' id='word_1_131' title='bbox 169 947 240 1000; x_wconf 87' lang='grc'><strong>15,</strong></span> <span class='ocrx_word' id='word_1_132' title='bbox 268 946 340 989; x_wconf 90' lang='grc'><strong>25.</strong></span> <span class='ocrx_word' id='word_1_133' title='bbox 370 944 470 987; x_wconf 89' lang='lat' dir='ltr'><strong>tibi</strong></span> <span class='ocrx_word' id='word_1_134' title='bbox 500 958 598 987; x_wconf 92' lang='lat' dir='ltr'><strong>nos</strong></span> <span class='ocrx_word' id='word_1_135' title='bbox 630 948 681 986; x_wconf 89' lang='lat' dir='ltr'><strong>at</strong></span> <span class='ocrx_word' id='word_1_136' title='bbox 710 942 954 986; x_wconf 88' lang='lat' dir='ltr'><strong>credere.</strong></span> <span class='ocrx_word' id='word_1_137' title='bbox 985 945 1056 986; x_wconf 90' lang='grc'><strong>87.</strong></span> <span class='ocrx_word' id='word_1_138' title='bbox 1090 937 1371 985; x_wconf 79' lang='lat' dir='ltr'><strong>corr‘ectus</strong></span> <span class='ocrx_word' id='word_1_139' title='bbox 1400 940 1644 983; x_wconf 88' lang='lat' dir='ltr'><strong>Bestius.</strong></span> <span class='ocrx_word' id='word_1_140' title='bbox 1678 943 1748 994; x_wconf 87' lang='grc'><strong>16,</strong></span> <span class='ocrx_word' id='word_1_141' title='bbox 1777 942 1819 983; x_wconf 87' lang='grc'><strong>7.</strong></span> <span class='ocrx_word' id='word_1_142' title='bbox 1851 935 2163 984; x_wconf 83' lang='lat' dir='ltr'><strong>discedens.</strong></span> <span class='ocrx_word' id='word_1_143' title='bbox 2182 944 2253 986; x_wconf 88' lang='lat'><strong>88.</strong></span> <span class='ocrx_word' id='word_1_144' title='bbox 2284 949 2369 987; x_wconf 90' lang='lat' dir='ltr'><strong>aut</strong></span> <span class='ocrx_word' id='word_1_145' title='bbox 2397 944 2457 987; x_wconf 89' lang='lat' dir='ltr'><strong>si.</strong></span> <span class='ocrx_word' id='word_1_146' title='bbox 2480 945 2552 987; x_wconf 82' lang='grc'><strong>46.</strong></span> 
     </span>
     <span class='ocr_line' id='line_1_13' title="bbox 167 1007 2551 1069; baseline 0 -13"><span class='ocrx_word' id='word_1_147' title='bbox 167 1010 540 1057; x_wconf 87' lang='lat' dir='ltr'><strong>medicandum.</strong></span> <span class='ocrx_word' id='word_1_148' title='bbox 569 1013 641 1055; x_wconf 95' lang='grc'><strong>61.</strong></span> <span class='ocrx_word' id='word_1_149' title='bbox 666 1011 868 1069; x_wconf 87' lang='lat' dir='ltr'><strong>justum</strong></span> <span class='ocrx_word' id='word_1_150' title='bbox 898 1014 1245 1067; x_wconf 89' lang='lat' dir='ltr'><strong>sanctumque</strong></span> <span class='ocrx_word' id='word_1_151' title='bbox 1274 1007 1464 1053; x_wconf 86' lang='lat' dir='ltr'><strong>videri.</strong></span> <span class='ocrx_word' id='word_1_152' title='bbox 1493 1009 1565 1062; x_wconf 90' lang='grc'><strong>17,</strong></span> <span class='ocrx_word' id='word_1_153' title='bbox 1594 1009 1664 1051; x_wconf 89' lang='grc'><strong>21.</strong></span> <span class='ocrx_word' id='word_1_154' title='bbox 1693 1007 1829 1050; x_wconf 83' lang='lat' dir='ltr'><strong>vilia</strong></span> <span class='ocrx_word' id='word_1_155' title='bbox 1856 1020 2044 1051; x_wconf 83' lang='lat' dir='ltr'><strong>verum.</strong></span> <span class='ocrx_word' id='word_1_156' title='bbox 2069 1010 2139 1063; x_wconf 90' lang='lat'><strong>18,</strong></span> <span class='ocrx_word' id='word_1_157' title='bbox 2166 1010 2238 1053; x_wconf 88' lang='grc'><strong>28.</strong></span> <span class='ocrx_word' id='word_1_158' title='bbox 2268 1024 2408 1055; x_wconf 87' lang='lat' dir='ltr'><strong>meae</strong></span> <span class='ocrx_word' id='word_1_159' title='bbox 2437 1024 2551 1056; x_wconf 83' lang='lat' dir='ltr'><strong>con·</strong></span> 
     </span>
     <span class='ocr_line' id='line_1_14' title="bbox 167 1075 2551 1138; baseline -0.001 -15"><span class='ocrx_word' id='word_1_160' title='bbox 167 1078 393 1124; x_wconf 88' lang='lat' dir='ltr'><strong>tendere</strong></span> <span class='ocrx_word' id='word_1_161' title='bbox 433 1079 558 1122; x_wconf 91' lang='lat' dir='ltr'><strong>noli.</strong></span> <span class='ocrx_word' id='word_1_162' title='bbox 589 1081 660 1122; x_wconf 91' lang='grc'><strong>86.</strong></span> <span class='ocrx_word' id='word_1_163' title='bbox 699 1077 831 1121; x_wconf 84' lang='lat' dir='ltr'><strong>Atra</strong></span> <span class='ocrx_word' id='word_1_164' title='bbox 860 1077 1025 1125; x_wconf 82' lang='lat' dir='ltr'><strong>decet.</strong></span> <span class='ocrx_word' id='word_1_165' title='bbox 1057 1079 1128 1121; x_wconf 88' lang='grc'><strong>87.</strong></span> <span class='ocrx_word' id='word_1_166' title='bbox 1152 1077 1324 1120; x_wconf 59' lang='lat' dir='ltr'><strong>xillius</strong></span> <span class='ocrx_word' id='word_1_167' title='bbox 1354 1089 1551 1133; x_wconf 86' lang='lat' dir='ltr'><strong>umquam.</strong></span> <span class='ocrx_word' id='word_1_168' title='bbox 1581 1089 1619 1118; x_wconf 86' lang='lat' dir='ltr'><strong>v.</strong></span> <span class='ocrx_word' id='word_1_169' title='bbox 1649 1078 1721 1117; x_wconf 90' lang='grc'><strong>91.</strong></span> <span class='ocrx_word' id='word_1_170' title='bbox 1762 1075 1904 1130; x_wconf 81' lang='lat' dir='ltr'><strong>deest,</strong></span> <span class='ocrx_word' id='word_1_171' title='bbox 1933 1077 2048 1120; x_wconf 87' lang='lat' dir='ltr'><strong>utin</strong></span> <span class='ocrx_word' id='word_1_172' title='bbox 2076 1076 2206 1120; x_wconf 90' lang='lat' dir='ltr'><strong>Dess.</strong></span> <span class='ocrx_word' id='word_1_173' title='bbox 2237 1080 2276 1120; x_wconf 85' lang='lat'><strong>1.</strong></span> <span class='ocrx_word' id='word_1_174' title='bbox 2304 1080 2375 1121; x_wconf 87' lang='grc'><strong>98.</strong></span> <span class='ocrx_word' id='word_1_175' title='bbox 2407 1083 2551 1138; x_wconf 88' lang='lat' dir='ltr'><strong>tepo-</strong></span> 
     </span>
     <span class='ocr_line' id='line_1_15' title="bbox 168 1142 2551 1203; baseline -0.003 -13"><span class='ocrx_word' id='word_1_176' title='bbox 168 1161 273 1191; x_wconf 91' lang='lat' dir='ltr'><strong>res.</strong></span> <span class='ocrx_word' id='word_1_177' title='bbox 301 1150 375 1190; x_wconf 86' lang='grc'><strong>98.</strong></span> <span class='ocrx_word' id='word_1_178' title='bbox 403 1147 531 1188; x_wconf 84' lang='grc' dir='ltr'><strong>Νιιιιι</strong></span> <span class='ocrx_word' id='word_1_179' title='bbox 569 1152 619 1188; x_wconf 88' lang='lat' dir='ltr'><strong>te</strong></span> <span class='ocrx_word' id='word_1_180' title='bbox 651 1159 856 1203; x_wconf 87' lang='lat' dir='ltr'><strong>semper</strong></span> <span class='ocrx_word' id='word_1_181' title='bbox 885 1168 942 1178; x_wconf 90' lang='lat'>—</span> <span class='ocrx_word' id='word_1_182' title='bbox 977 1146 1101 1187; x_wconf 87' lang='lat' dir='ltr'><strong>Num</strong></span> <span class='ocrx_word' id='word_1_183' title='bbox 1138 1159 1320 1202; x_wconf 83' lang='lat' dir='ltr'><strong>pavor.</strong></span> <span class='ocrx_word' id='word_1_184' title='bbox 1351 1147 1450 1185; x_wconf 89' lang='lat'><strong>111.</strong></span> <span class='ocrx_word' id='word_1_185' title='bbox 1492 1144 1580 1199; x_wconf 91' lang='lat' dir='ltr'><strong>qui</strong></span> <span class='ocrx_word' id='word_1_186' title='bbox 1616 1143 1765 1201; x_wconf 90' lang='lat' dir='ltr'><strong>ponit</strong></span> <span class='ocrx_word' id='word_1_187' title='bbox 1800 1149 1849 1184; x_wconf 91' lang='lat' dir='ltr'><strong>et</strong></span> <span class='ocrx_word' id='word_1_188' title='bbox 1886 1143 2078 1185; x_wconf 87' lang='lat' dir='ltr'><strong>aufert.</strong></span> <span class='ocrx_word' id='word_1_189' title='bbox 2110 1145 2192 1197; x_wconf 87' lang='grc'><strong>26,</strong></span> <span class='ocrx_word' id='word_1_190' title='bbox 2239 1147 2278 1186; x_wconf 88' lang='grc'><strong>1.</strong></span> <span class='ocrx_word' id='word_1_191' title='bbox 2307 1142 2551 1189; x_wconf 79' lang='lat' dir='ltr'><strong>Vortum-</strong></span> 
     </span>
     <span class='ocr_line' id='line_1_16' title="bbox 170 1209 2550 1274; baseline -0.002 -13"><span class='ocrx_word' id='word_1_192' title='bbox 170 1230 297 1261; x_wconf 90' lang='lat' dir='ltr'><strong>num.</strong></span> <span class='ocrx_word' id='word_1_193' title='bbox 326 1214 381 1258; x_wconf 88' lang='lat' dir='ltr'><strong>H.</strong></span> <span class='ocrx_word' id='word_1_194' title='bbox 412 1214 489 1272; x_wconf 90' lang='lat' dir='ltr'><strong>Ep.</strong></span> <span class='ocrx_word' id='word_1_195' title='bbox 520 1216 559 1258; x_wconf 93' lang='lat'><strong>1.</strong></span> <span class='ocrx_word' id='word_1_196' title='bbox 590 1214 658 1255; x_wconf 79' lang='lat'><strong>18.</strong></span> <span class='ocrx_word' id='word_1_197' title='bbox 692 1213 774 1270; x_wconf 90' lang='lat' dir='ltr'><strong>qui</strong></span> <span class='ocrx_word' id='word_1_198' title='bbox 811 1217 1150 1272; x_wconf 83' lang='lat' dir='ltr'><strong>praegravat</strong></span> <span class='ocrx_word' id='word_1_199' title='bbox 1188 1217 1305 1255; x_wconf 83' lang='lat' dir='ltr'><strong>arte</strong></span> <span class='ocrx_word' id='word_1_200' title='bbox 1334 1209 1490 1254; x_wconf 84' lang='lat' dir='ltr'><strong>Infra</strong></span> <span class='ocrx_word' id='word_1_201' title='bbox 1518 1225 1574 1254; x_wconf 91' lang='lat' dir='ltr'><strong>se</strong></span> <span class='ocrx_word' id='word_1_202' title='bbox 1617 1210 1836 1274; x_wconf 67' lang='lat' dir='ltr'><strong>positos</strong></span> <span class='ocrx_word' id='word_1_203' title='bbox 1866 1211 1950 1266; x_wconf 86' lang='lat' dir='ltr'><strong>(sic</strong></span> <span class='ocrx_word' id='word_1_204' title='bbox 1989 1210 2145 1269; x_wconf 86' lang='lat' dir='ltr'><strong>conjec.</strong></span> <span class='ocrx_word' id='word_1_205' title='bbox 2174 1209 2337 1254; x_wconf 83' lang='lat' dir='ltr'><strong>Pearce</strong></span> <span class='ocrx_word' id='word_1_206' title='bbox 2366 1216 2410 1254; x_wconf 89' lang='lat' dir='ltr'><strong>et</strong></span> <span class='ocrx_word' id='word_1_207' title='bbox 2436 1211 2550 1256; x_wconf 86' lang='lat' dir='ltr'><strong>Doe-</strong></span> 
     </span>
     <span class='ocr_line' id='line_1_17' title="bbox 167 1278 2553 1341; baseline -0.002 -14"><span class='ocrx_word' id='word_1_208' title='bbox 167 1284 297 1341; x_wconf 80' lang='lat' dir='ltr'><strong>ring).</strong></span> <span class='ocrx_word' id='word_1_209' title='bbox 329 1284 398 1324; x_wconf 86' lang='grc'><strong>17,</strong></span> <span class='ocrx_word' id='word_1_210' title='bbox 430 1280 569 1323; x_wconf 89' lang='lat' dir='ltr'><strong>nihil</strong></span> <span class='ocrx_word' id='word_1_211' title='bbox 607 1285 786 1321; x_wconf 87' lang='lat' dir='ltr'><strong>ortum.</strong></span> <span class='ocrx_word' id='word_1_212' title='bbox 817 1281 888 1321; x_wconf 88' lang='grc'><strong>85.</strong></span> <span class='ocrx_word' id='word_1_213' title='bbox 919 1280 1128 1321; x_wconf 81' lang='lat' dir='ltr'><strong>chartis</strong></span> <span class='ocrx_word' id='word_1_214' title='bbox 1157 1279 1395 1338; x_wconf 89' lang='lat' dir='ltr'><strong>pretium.</strong></span> <span class='ocrx_word' id='word_1_215' title='bbox 1425 1280 1496 1320; x_wconf 88' lang='lat'><strong>88.</strong></span> <span class='ocrx_word' id='word_1_216' title='bbox 1536 1278 1801 1321; x_wconf 81' lang='lat' dir='ltr'><strong>excludet.</strong></span> <span class='ocrx_word' id='word_1_217' title='bbox 1830 1281 1901 1320; x_wconf 85' lang='grc'><strong>48.</strong></span> <span class='ocrx_word' id='word_1_218' title='bbox 1931 1280 1982 1320; x_wconf 92' lang='lat' dir='ltr'><strong>in</strong></span> <span class='ocrx_word' id='word_1_219' title='bbox 2010 1279 2205 1321; x_wconf 84' lang='lat' dir='ltr'><strong>fastos.</strong></span> <span class='ocrx_word' id='word_1_220' title='bbox 2234 1281 2306 1322; x_wconf 89' lang='grc'><strong>68.</strong></span> <span class='ocrx_word' id='word_1_221' title='bbox 2345 1285 2431 1322; x_wconf 90' lang='lat' dir='ltr'><strong>est</strong></span> <span class='ocrx_word' id='word_1_222' title='bbox 2465 1282 2553 1323; x_wconf 90' lang='lat' dir='ltr'><strong>ubi</strong></span> 
     </span>
     <span class='ocr_line' id='line_1_18' title="bbox 166 1343 2550 1410; baseline 0 -18"><span class='ocrx_word' id='word_1_223' title='bbox 166 1354 373 1410; x_wconf 84' lang='lat' dir='ltr'><strong>peccet.</strong></span> <span class='ocrx_word' id='word_1_224' title='bbox 400 1350 472 1390; x_wconf 89' lang='grc'><strong>67.</strong></span> <span class='ocrx_word' id='word_1_225' title='bbox 501 1347 682 1390; x_wconf 90' lang='lat' dir='ltr'><strong>dicere</strong></span> <span class='ocrx_word' id='word_1_226' title='bbox 713 1346 897 1392; x_wconf 88' lang='lat' dir='ltr'><strong>credit.</strong></span> <span class='ocrx_word' id='word_1_227' title='bbox 926 1349 998 1391; x_wconf 91' lang='grc'><strong>79.</strong></span> <span class='ocrx_word' id='word_1_228' title='bbox 1027 1346 1205 1390; x_wconf 84' lang='lat' dir='ltr'><strong>Attae.</strong></span> <span class='ocrx_word' id='word_1_229' title='bbox 1233 1345 1550 1390; x_wconf 69' lang='lat' dir='ltr'><strong>88.&#39;ducunt.</strong></span> <span class='ocrx_word' id='word_1_230' title='bbox 1577 1348 1651 1391; x_wconf 87' lang='grc'><strong>96.</strong></span> <span class='ocrx_word' id='word_1_231' title='bbox 1684 1343 1923 1390; x_wconf 85' lang='lat' dir='ltr'><strong>Graecis.</strong></span> <span class='ocrx_word' id='word_1_232' title='bbox 1953 1346 2049 1390; x_wconf 83' lang='grc'><strong>195.</strong></span> <span class='ocrx_word' id='word_1_233' title='bbox 2079 1346 2265 1391; x_wconf 89' lang='lat' dir='ltr'><strong>rectis.</strong></span> <span class='ocrx_word' id='word_1_234' title='bbox 2297 1347 2393 1396; x_wconf 83' lang='grc'><strong>158.</strong></span> <span class='ocrx_word' id='word_1_235' title='bbox 2421 1346 2550 1392; x_wconf 86' lang='lat' dir='ltr'><strong>Poe-</strong></span> 
     </span>
     <span class='ocr_line' id='line_1_19' title="bbox 168 1412 2440 1476; baseline -0.002 -14"><span class='ocrx_word' id='word_1_236' title='bbox 168 1431 336 1476; x_wconf 84' lang='lat' dir='ltr'><strong>naque</strong></span> <span class='ocrx_word' id='word_1_237' title='bbox 364 1419 495 1460; x_wconf 83' lang='lat' dir='ltr'><strong>nata</strong></span> <span class='ocrx_word' id='word_1_238' title='bbox 524 1413 620 1470; x_wconf 87' lang='lat' dir='ltr'><strong>(sed</strong></span> <span class='ocrx_word' id='word_1_239' title='bbox 647 1414 676 1458; x_wconf 91' lang='lat' dir='ltr'><strong>l.</strong></span> <span class='ocrx_word' id='word_1_240' title='bbox 708 1415 940 1473; x_wconf 90' lang='lat' dir='ltr'><strong>superscr.)</strong></span> <span class='ocrx_word' id='word_1_241' title='bbox 970 1417 1068 1459; x_wconf 90' lang='grc'><strong>167.</strong></span> <span class='ocrx_word' id='word_1_242' title='bbox 1107 1413 1388 1458; x_wconf 76' lang='lat' dir='ltr'><strong>insciciae.</strong></span> <span class='ocrx_word' id='word_1_243' title='bbox 1410 1414 1509 1457; x_wconf 88' lang='grc'><strong>168.</strong></span> <span class='ocrx_word' id='word_1_244' title='bbox 1540 1412 1634 1470; x_wconf 89' lang='lat' dir='ltr'><strong>quia</strong></span> <span class='ocrx_word' id='word_1_245' title='bbox 1661 1426 1733 1457; x_wconf 88' lang='lat' dir='ltr'><strong>res</strong></span> <span class='ocrx_word' id='word_1_246' title='bbox 1764 1413 2014 1457; x_wconf 77' lang='lat' dir='ltr'><strong>arcessit.</strong></span> <span class='ocrx_word' id='word_1_247' title='bbox 2043 1414 2143 1458; x_wconf 87' lang='grc'><strong>228.</strong></span> <span class='ocrx_word' id='word_1_248' title='bbox 2172 1426 2440 1458; x_wconf 89' lang='lat' dir='ltr'><strong>arcessas.</strong></span> 
     </span>
    </p>
   </div>
   <div class='ocr_carea' id='block_1_4' title="bbox 165 1525 2556 2736">
    <p class='ocr_par' dir='ltr' id='par_1_4' title="bbox 165 1525 2556 2736">
     <span class='ocr_line' id='line_1_20' title="bbox 283 1525 2554 1588; baseline -0.001 -14"><span class='ocrx_word' id='word_1_249' title='bbox 283 1530 362 1588; x_wconf 86' lang='grc'><strong>48)</strong></span> <span class='ocrx_word' id='word_1_250' title='bbox 392 1528 570 1577; x_wconf 61' lang='lat' dir='ltr'><strong>Sunt.</strong></span> <span class='ocrx_word' id='word_1_251' title='bbox 631 1526 812 1570; x_wconf 89' lang='lat' dir='ltr'><strong>Codex</strong></span> <span class='ocrx_word' id='word_1_252' title='bbox 843 1526 1214 1571; x_wconf 89' lang='lat' dir='ltr'><strong>Santenianus</strong></span> <span class='ocrx_word' id='word_1_253' title='bbox 1247 1527 1621 1572; x_wconf 87' lang='lat' dir='ltr'><strong>bibliothecae</strong></span> <span class='ocrx_word' id='word_1_254' title='bbox 1650 1525 1858 1584; x_wconf 79' lang='lat' dir='ltr'><strong>Regiae</strong></span> <span class='ocrx_word' id='word_1_255' title='bbox 1886 1525 2275 1572; x_wconf 87' lang='lat' dir='ltr'><strong>Berolinensis</strong></span> <span class='ocrx_word' id='word_1_256' title='bbox 2306 1542 2403 1572; x_wconf 85' lang='lat' dir='ltr'><strong>saec</strong></span> <span class='ocrx_word' id='word_1_257' title='bbox 2431 1527 2554 1572; x_wconf 85' lang='lat' dir='ltr'><strong>xm.</strong></span> 
     </span>
     <span class='ocr_line' id='line_1_21' title="bbox 170 1592 2551 1654; baseline -0.001 -12"><span class='ocrx_word' id='word_1_258' title='bbox 170 1601 215 1643; x_wconf 90' lang='lat' dir='ltr'><strong>in</strong></span> <span class='ocrx_word' id='word_1_259' title='bbox 242 1597 337 1641; x_wconf 87' lang='lat' dir='ltr'><strong>Fol.</strong></span> <span class='ocrx_word' id='word_1_260' title='bbox 376 1597 488 1654; x_wconf 77' lang='lat' dir='ltr'><strong>sig-n.</strong></span> <span class='ocrx_word' id='word_1_261' title='bbox 518 1595 597 1638; x_wconf 90' lang='lat' dir='ltr'><strong>Nr.</strong></span> <span class='ocrx_word' id='word_1_262' title='bbox 628 1597 713 1649; x_wconf 90' lang='grc'><strong>66,</strong></span> <span class='ocrx_word' id='word_1_263' title='bbox 758 1607 812 1636; x_wconf 85' lang='lat' dir='ltr'><strong>ex</strong></span> <span class='ocrx_word' id='word_1_264' title='bbox 842 1592 1031 1637; x_wconf 88' lang='lat' dir='ltr'><strong>Santenii</strong></span> <span class='ocrx_word' id='word_1_265' title='bbox 1058 1594 1176 1638; x_wconf 87' lang='lat' dir='ltr'><strong>libris</strong></span> <span class='ocrx_word' id='word_1_266' title='bbox 1207 1598 1338 1638; x_wconf 89' lang='lat' dir='ltr'><strong>emtus</strong></span> <span class='ocrx_word' id='word_1_267' title='bbox 1369 1594 1464 1637; x_wconf 90' lang='lat' dir='ltr'><strong>olim</strong></span> <span class='ocrx_word' id='word_1_268' title='bbox 1494 1608 1519 1637; x_wconf 94' lang='lat' dir='ltr'><strong>a</strong></span> <span class='ocrx_word' id='word_1_269' title='bbox 1550 1593 1714 1650; x_wconf 87' lang='lat' dir='ltr'><strong>Diezio,</strong></span> <span class='ocrx_word' id='word_1_270' title='bbox 1744 1594 1928 1637; x_wconf 87' lang='lat' dir='ltr'><strong>continet</strong></span> <span class='ocrx_word' id='word_1_271' title='bbox 1953 1593 2309 1654; x_wconf 78' lang='lat' dir='ltr'><strong>Florilegium</strong></span> <span class='ocrx_word' id='word_1_272' title='bbox 2338 1596 2428 1639; x_wconf 85' lang='lat' dir='ltr'><strong>sive</strong></span> <span class='ocrx_word' id='word_1_273' title='bbox 2458 1594 2551 1639; x_wconf 87' lang='lat' dir='ltr'><strong>Ex-</strong></span> 
     </span>
     <span class='ocr_line' id='line_1_22' title="bbox 167 1661 2555 1724; baseline -0.002 -14"><span class='ocrx_word' id='word_1_274' title='bbox 167 1671 355 1724; x_wconf 86' lang='lat' dir='ltr'><strong>cerpta</strong></span> <span class='ocrx_word' id='word_1_275' title='bbox 391 1664 633 1706; x_wconf 88' lang='lat' dir='ltr'><strong>locorum</strong></span> <span class='ocrx_word' id='word_1_276' title='bbox 671 1661 930 1718; x_wconf 82' lang='lat' dir='ltr'><strong>insigium</strong></span> <span class='ocrx_word' id='word_1_277' title='bbox 969 1676 1023 1703; x_wconf 88' lang='lat' dir='ltr'><strong>ex</strong></span> <span class='ocrx_word' id='word_1_278' title='bbox 1059 1662 1196 1720; x_wconf 91' lang='lat' dir='ltr'><strong>poetis</strong></span> <span class='ocrx_word' id='word_1_279' title='bbox 1236 1661 1406 1719; x_wconf 89' lang='lat' dir='ltr'><strong>aliisque</strong></span> <span class='ocrx_word' id='word_1_280' title='bbox 1436 1661 1613 1719; x_wconf 81' lang='lat' dir='ltr'><strong>antiquis</strong></span> <span class='ocrx_word' id='word_1_281' title='bbox 1644 1662 1930 1720; x_wconf 82' lang='lat' dir='ltr'><strong>scriptoribus,</strong></span> <span class='ocrx_word' id='word_1_282' title='bbox 1958 1662 2003 1705; x_wconf 93' lang='lat' dir='ltr'><strong>in</strong></span> <span class='ocrx_word' id='word_1_283' title='bbox 2031 1662 2173 1719; x_wconf 84' lang='lat' dir='ltr'><strong>quibus</strong></span> <span class='ocrx_word' id='word_1_284' title='bbox 2202 1662 2368 1706; x_wconf 82' lang='lat' dir='ltr'><strong>Horatii</strong></span> <span class='ocrx_word' id='word_1_285' title='bbox 2396 1676 2555 1721; x_wconf 88' lang='lat' dir='ltr'><strong>quoque</strong></span> 
     </span>
     <span class='ocr_line' id='line_1_23' title="bbox 165 1727 2555 1789; baseline -0.001 -11"><span class='ocrx_word' id='word_1_286' title='bbox 165 1734 249 1779; x_wconf 88' lang='lat' dir='ltr'><strong>loci</strong></span> <span class='ocrx_word' id='word_1_287' title='bbox 286 1729 394 1775; x_wconf 89' lang='lat' dir='ltr'><strong>haud</strong></span> <span class='ocrx_word' id='word_1_288' title='bbox 431 1729 553 1789; x_wconf 86' lang='lat' dir='ltr'><strong>pauci</strong></span> <span class='ocrx_word' id='word_1_289' title='bbox 591 1744 646 1772; x_wconf 90' lang='lat' dir='ltr'><strong>ex</strong></span> <span class='ocrx_word' id='word_1_290' title='bbox 674 1728 809 1771; x_wconf 81' lang='lat' dir='ltr'><strong>Arte</strong></span> <span class='ocrx_word' id='word_1_291' title='bbox 846 1733 984 1786; x_wconf 88' lang='lat' dir='ltr'><strong>poet.</strong></span> <span class='ocrx_word' id='word_1_292' title='bbox 1025 1727 1378 1773; x_wconf 88' lang='lat' dir='ltr'><strong>Sermonibus</strong></span> <span class='ocrx_word' id='word_1_293' title='bbox 1420 1733 1462 1772; x_wconf 92' lang='lat' dir='ltr'><strong>et</strong></span> <span class='ocrx_word' id='word_1_294' title='bbox 1498 1727 1773 1788; x_wconf 90' lang='lat' dir='ltr'><strong>Epistolis</strong></span> <span class='ocrx_word' id='word_1_295' title='bbox 1810 1729 1962 1776; x_wconf 89' lang='lat' dir='ltr'><strong>insunt.</strong></span> <span class='ocrx_word' id='word_1_296' title='bbox 2019 1728 2140 1773; x_wconf 88' lang='lat' dir='ltr'><strong>Hunc</strong></span> <span class='ocrx_word' id='word_1_297' title='bbox 2178 1729 2358 1775; x_wconf 85' lang='lat' dir='ltr'><strong>codicem</strong></span> <span class='ocrx_word' id='word_1_298' title='bbox 2395 1744 2473 1776; x_wconf 87' lang='lat' dir='ltr'><strong>nos</strong></span> <span class='ocrx_word' id='word_1_299' title='bbox 2511 1732 2555 1775; x_wconf 92' lang='lat' dir='ltr'><strong>in</strong></span> 
     </span>
     <span class='ocr_line' id='line_1_24' title="bbox 165 1788 2553 1862; baseline -0.001 -17"><span class='ocrx_word' id='word_1_300' title='bbox 165 1800 342 1862; x_wconf 84' lang='lat' dir='ltr'><strong>praefat.</strong></span> <span class='ocrx_word' id='word_1_301' title='bbox 373 1796 533 1851; x_wconf 28' lang='lat' dir='ltr'><strong>ad-Edz</strong></span> <span class='ocrx_word' id='word_1_302' title='bbox 572 1796 805 1841; x_wconf 85' lang='lat' dir='ltr'><strong>Satirarum</strong></span> <span class='ocrx_word' id='word_1_303' title='bbox 836 1795 895 1839; x_wconf 88' lang='lat' dir='ltr'><strong>T.</strong></span> <span class='ocrx_word' id='word_1_304' title='bbox 922 1795 957 1840; x_wconf 92' lang='lat'><strong>1.</strong></span> <span class='ocrx_word' id='word_1_305' title='bbox 986 1810 1028 1855; x_wconf 89' lang='lat' dir='ltr'><strong>p.</strong></span> <span class='ocrx_word' id='word_1_306' title='bbox 1055 1794 1202 1840; x_wconf 86' lang='lat' dir='ltr'><strong>XCIX</strong></span> <span class='ocrx_word' id='word_1_307' title='bbox 1231 1800 1274 1840; x_wconf 92' lang='lat' dir='ltr'><strong>et</strong></span> <span class='ocrx_word' id='word_1_308' title='bbox 1306 1794 1355 1840; x_wconf 88' lang='lat' dir='ltr'><strong>C.</strong></span> <span class='ocrx_word' id='word_1_309' title='bbox 1386 1795 1547 1853; x_wconf 83' lang='lat' dir='ltr'><strong>plenius</strong></span> <span class='ocrx_word' id='word_1_310' title='bbox 1587 1795 1905 1856; x_wconf 85' lang='lat' dir='ltr'><strong>descripsimus,</strong></span> <span class='ocrx_word' id='word_1_311' title='bbox 1947 1797 2116 1855; x_wconf 89' lang='lat' dir='ltr'><strong>ejusque</strong></span> <span class='ocrx_word' id='word_1_312' title='bbox 2143 1788 2344 1848; x_wconf 85' lang='lat' dir='ltr'><strong>lectiones</strong></span> <span class='ocrx_word' id='word_1_313' title='bbox 2373 1797 2426 1843; x_wconf 90' lang='lat' dir='ltr'><strong>ad</strong></span> <span class='ocrx_word' id='word_1_314' title='bbox 2454 1797 2553 1844; x_wconf 85' lang='lat' dir='ltr'><strong>Ser-</strong></span> 
     </span>
     <span class='ocr_line' id='line_1_25' title="bbox 168 1863 2556 1923; baseline -0.001 -12"><span class='ocrx_word' id='word_1_315' title='bbox 168 1882 278 1911; x_wconf 89' lang='lat' dir='ltr'><strong>mon.</strong></span> <span class='ocrx_word' id='word_1_316' title='bbox 306 1866 405 1908; x_wconf 89' lang='lat' dir='ltr'><strong>Lib.</strong></span> <span class='ocrx_word' id='word_1_317' title='bbox 434 1865 469 1907; x_wconf 88' lang='lat'><strong>1.</strong></span> <span class='ocrx_word' id='word_1_318' title='bbox 499 1865 584 1923; x_wconf 89' lang='lat' dir='ltr'><strong>ipsi</strong></span> <span class='ocrx_word' id='word_1_319' title='bbox 614 1864 889 1920; x_wconf 81' lang='lat' dir='ltr'><strong>vulgavimus,</strong></span> <span class='ocrx_word' id='word_1_320' title='bbox 921 1863 974 1905; x_wconf 92' lang='lat' dir='ltr'><strong>ad</strong></span> <span class='ocrx_word' id='word_1_321' title='bbox 1002 1863 1137 1920; x_wconf 87' lang='lat' dir='ltr'><strong>Epist.</strong></span> <span class='ocrx_word' id='word_1_322' title='bbox 1166 1864 1237 1906; x_wconf 90' lang='lat' dir='ltr'><strong>lib.</strong></span> <span class='ocrx_word' id='word_1_323' title='bbox 1265 1864 1303 1908; x_wconf 89' lang='grc' dir='ltr'><strong>Ι.</strong></span> <span class='ocrx_word' id='word_1_324' title='bbox 1332 1878 1421 1905; x_wconf 88' lang='lat' dir='ltr'><strong>cum</strong></span> <span class='ocrx_word' id='word_1_325' title='bbox 1452 1863 1632 1906; x_wconf 88' lang='lat' dir='ltr'><strong>Obbario</strong></span> <span class='ocrx_word' id='word_1_326' title='bbox 1661 1870 1806 1906; x_wconf 89' lang='lat' dir='ltr'><strong>nostro</strong></span> <span class='ocrx_word' id='word_1_327' title='bbox 1837 1865 2229 1908; x_wconf 80' lang='lat' dir='ltr'><strong>communicavimus.</strong></span> <span class='ocrx_word' id='word_1_328' title='bbox 2289 1864 2497 1917; x_wconf 36' lang='lat' dir='ltr'><strong>Quarekh.</strong></span> <span class='ocrx_word' id='word_1_329' title='bbox 2526 1867 2556 1913; x_wconf 81' lang='grc' dir='ltr'><strong>Ι.</strong></span> 
     </span>
     <span class='ocr_line' id='line_1_26' title="bbox 169 1928 2553 1991; baseline 0 -12"><span class='ocrx_word' id='word_1_330' title='bbox 169 1937 370 1979; x_wconf 90' lang='lat' dir='ltr'><strong>lectiones</strong></span> <span class='ocrx_word' id='word_1_331' title='bbox 407 1931 749 1991; x_wconf 82' lang='lat' dir='ltr'><strong>praestabiliores</strong></span> <span class='ocrx_word' id='word_1_332' title='bbox 790 1946 844 1974; x_wconf 89' lang='lat' dir='ltr'><strong>ex</strong></span> <span class='ocrx_word' id='word_1_333' title='bbox 871 1929 1008 1988; x_wconf 81' lang='lat' dir='ltr'><strong>Epist.</strong></span> <span class='ocrx_word' id='word_1_334' title='bbox 1036 1930 1136 1974; x_wconf 87' lang='lat' dir='ltr'><strong>Lib.</strong></span> <span class='ocrx_word' id='word_1_335' title='bbox 1167 1928 1225 1975; x_wconf 90' lang='lat' dir='ltr'><strong>II.</strong></span> <span class='ocrx_word' id='word_1_336' title='bbox 1256 1935 1299 1974; x_wconf 87' lang='lat' dir='ltr'><strong>et</strong></span> <span class='ocrx_word' id='word_1_337' title='bbox 1325 1928 1432 1973; x_wconf 82' lang='lat' dir='ltr'><strong>Arte</strong></span> <span class='ocrx_word' id='word_1_338' title='bbox 1460 1934 1571 1988; x_wconf 89' lang='lat' dir='ltr'><strong>poet.</strong></span> <span class='ocrx_word' id='word_1_339' title='bbox 1601 1933 1818 1988; x_wconf 84' lang='lat' dir='ltr'><strong>excerptas</strong></span> <span class='ocrx_word' id='word_1_340' title='bbox 1850 1928 2049 1986; x_wconf 88' lang='lat' dir='ltr'><strong>dabimus,</strong></span> <span class='ocrx_word' id='word_1_341' title='bbox 2079 1930 2123 1975; x_wconf 87' lang='lat' dir='ltr'><strong>in</strong></span> <span class='ocrx_word' id='word_1_342' title='bbox 2152 1931 2294 1990; x_wconf 89' lang='lat' dir='ltr'><strong>quibus</strong></span> <span class='ocrx_word' id='word_1_343' title='bbox 2318 1930 2553 1991; x_wconf 78' lang='lat' dir='ltr'><strong>judicandis</strong></span> 
     </span>
     <span class='ocr_line' id='line_1_27' title="bbox 167 1994 2553 2056; baseline -0.001 -9"><span class='ocrx_word' id='word_1_344' title='bbox 167 2002 330 2047; x_wconf 91' lang='lat' dir='ltr'><strong>omnino</strong></span> <span class='ocrx_word' id='word_1_345' title='bbox 368 1997 610 2055; x_wconf 88' lang='lat' dir='ltr'><strong>tenendum,</strong></span> <span class='ocrx_word' id='word_1_346' title='bbox 648 1996 865 2041; x_wconf 90' lang='lat' dir='ltr'><strong>nonnullos</strong></span> <span class='ocrx_word' id='word_1_347' title='bbox 903 1996 1019 2041; x_wconf 89' lang='lat' dir='ltr'><strong>locos</strong></span> <span class='ocrx_word' id='word_1_348' title='bbox 1061 2011 1086 2040; x_wconf 89' lang='lat' dir='ltr'><strong>a</strong></span> <span class='ocrx_word' id='word_1_349' title='bbox 1114 1996 1206 2041; x_wconf 87' lang='lat' dir='ltr'><strong>viro</strong></span> <span class='ocrx_word' id='word_1_350' title='bbox 1247 1995 1392 2053; x_wconf 88' lang='lat' dir='ltr'><strong>docto,</strong></span> <span class='ocrx_word' id='word_1_351' title='bbox 1434 1996 1502 2055; x_wconf 88' lang='lat' dir='ltr'><strong>qui</strong></span> <span class='ocrx_word' id='word_1_352' title='bbox 1530 1995 1608 2051; x_wconf 85' lang='lat' dir='ltr'><strong>hoc</strong></span> <span class='ocrx_word' id='word_1_353' title='bbox 1637 1994 1908 2056; x_wconf 79' lang='lat' dir='ltr'><strong>Florilegium</strong></span> <span class='ocrx_word' id='word_1_354' title='bbox 1937 1996 2132 2054; x_wconf 88' lang='lat' dir='ltr'><strong>condidit,</strong></span> <span class='ocrx_word' id='word_1_355' title='bbox 2162 1998 2349 2043; x_wconf 88' lang='lat' dir='ltr'><strong>consulto</strong></span> <span class='ocrx_word' id='word_1_356' title='bbox 2377 2004 2553 2044; x_wconf 84' lang='lat' dir='ltr'><strong>mutatos</strong></span> 
     </span>
     <span class='ocr_line' id='line_1_28' title="bbox 168 2064 2553 2126; baseline -0 -12"><span class='ocrx_word' id='word_1_357' title='bbox 168 2084 283 2125; x_wconf 88' lang='lat' dir='ltr'><strong>esse,</strong></span> <span class='ocrx_word' id='word_1_358' title='bbox 311 2074 357 2111; x_wconf 89' lang='lat' dir='ltr'><strong>ut</strong></span> <span class='ocrx_word' id='word_1_359' title='bbox 386 2066 593 2111; x_wconf 84' lang='lat' dir='ltr'><strong>sententia</strong></span> <span class='ocrx_word' id='word_1_360' title='bbox 620 2069 786 2126; x_wconf 84' lang='lat' dir='ltr'><strong>praeter</strong></span> <span class='ocrx_word' id='word_1_361' title='bbox 815 2065 1160 2108; x_wconf 87' lang='lat' dir='ltr'><strong>constructionem</strong></span> <span class='ocrx_word' id='word_1_362' title='bbox 1190 2069 1457 2119; x_wconf 86' lang='lat' dir='ltr'><strong>statueretur,</strong></span> <span class='ocrx_word' id='word_1_363' title='bbox 1485 2065 1528 2107; x_wconf 92' lang='lat' dir='ltr'><strong>in</strong></span> <span class='ocrx_word' id='word_1_364' title='bbox 1558 2065 1701 2122; x_wconf 89' lang='lat' dir='ltr'><strong>quibus</strong></span> <span class='ocrx_word' id='word_1_365' title='bbox 1730 2064 1809 2107; x_wconf 89' lang='lat' dir='ltr'><strong>hos</strong></span> <span class='ocrx_word' id='word_1_366' title='bbox 1837 2078 2117 2108; x_wconf 84' lang='lat' dir='ltr'><strong>numeramus:</strong></span> <span class='ocrx_word' id='word_1_367' title='bbox 2147 2066 2204 2110; x_wconf 89' lang='lat'><strong>11.</strong></span> <span class='ocrx_word' id='word_1_368' title='bbox 2228 2066 2364 2126; x_wconf 85' lang='lat' dir='ltr'><strong>Epist.</strong></span> <span class='ocrx_word' id='word_1_369' title='bbox 2380 2071 2424 2122; x_wconf 90' lang='lat'><strong>1,</strong></span> <span class='ocrx_word' id='word_1_370' title='bbox 2452 2070 2553 2115; x_wconf 89' lang='grc'><strong>221.</strong></span> 
     </span>
     <span class='ocr_line' id='line_1_29' title="bbox 165 2132 2553 2194; baseline 0 -14"><span class='ocrx_word' id='word_1_371' title='bbox 165 2137 313 2180; x_wconf 85' lang='lat' dir='ltr'><strong>Nunc</strong></span> <span class='ocrx_word' id='word_1_372' title='bbox 340 2134 669 2178; x_wconf 72' lang='lat' dir='ltr'><strong>laedimur.2ss2.</strong></span> <span class='ocrx_word' id='word_1_373' title='bbox 698 2133 885 2176; x_wconf 90' lang='lat' dir='ltr'><strong>Discit</strong></span> <span class='ocrx_word' id='word_1_374' title='bbox 913 2133 1009 2175; x_wconf 92' lang='lat' dir='ltr'><strong>hoc</strong></span> <span class='ocrx_word' id='word_1_375' title='bbox 1039 2133 1219 2175; x_wconf 86' lang='lat' dir='ltr'><strong>citius.</strong></span> <span class='ocrx_word' id='word_1_376' title='bbox 1251 2135 1296 2184; x_wconf 88' lang='grc'><strong>2,</strong></span> <span class='ocrx_word' id='word_1_377' title='bbox 1324 2134 1422 2175; x_wconf 91' lang='grc'><strong>172.</strong></span> <span class='ocrx_word' id='word_1_378' title='bbox 1451 2132 1541 2176; x_wconf 85' lang='lat' dir='ltr'><strong>Nil</strong></span> <span class='ocrx_word' id='word_1_379' title='bbox 1568 2132 1838 2190; x_wconf 89' lang='lat' dir='ltr'><strong>proprium</strong></span> <span class='ocrx_word' id='word_1_380' title='bbox 1867 2137 1951 2175; x_wconf 89' lang='lat' dir='ltr'><strong>est</strong></span> <span class='ocrx_word' id='word_1_381' title='bbox 1978 2133 2293 2190; x_wconf 79' lang='lat' dir='ltr'><strong>cuiquamst.</strong></span> <span class='ocrx_word' id='word_1_382' title='bbox 2315 2137 2411 2179; x_wconf 78' lang='grc'><strong>174.</strong></span> <span class='ocrx_word' id='word_1_383' title='bbox 2441 2149 2553 2194; x_wconf 88' lang='lat' dir='ltr'><strong>per·</strong></span> 
     </span>
     <span class='ocr_line' id='line_1_30' title="bbox 165 2197 2551 2258; baseline -0.001 -10"><span class='ocrx_word' id='word_1_384' title='bbox 165 2207 323 2249; x_wconf 82' lang='lat' dir='ltr'><strong>mutat</strong></span> <span class='ocrx_word' id='word_1_385' title='bbox 351 2226 408 2236; x_wconf 92' lang='lat'>—</span> <span class='ocrx_word' id='word_1_386' title='bbox 438 2200 597 2245; x_wconf 90' lang='lat' dir='ltr'><strong>cedit.</strong></span> <span class='ocrx_word' id='word_1_387' title='bbox 629 2202 727 2245; x_wconf 87' lang='grc'><strong>175.</strong></span> <span class='ocrx_word' id='word_1_388' title='bbox 756 2199 908 2244; x_wconf 89' lang='lat' dir='ltr'><strong>Nulli</strong></span> <span class='ocrx_word' id='word_1_389' title='bbox 936 2205 1235 2258; x_wconf 86' lang='lat' dir='ltr'><strong>perpetuus</strong></span> <span class='ocrx_word' id='word_1_390' title='bbox 1264 2213 1436 2243; x_wconf 87' lang='lat' dir='ltr'><strong>rerum</strong></span> <span class='ocrx_word' id='word_1_391' title='bbox 1465 2197 1620 2242; x_wconf 89' lang='lat' dir='ltr'><strong>datur</strong></span> <span class='ocrx_word' id='word_1_392' title='bbox 1647 2213 1788 2243; x_wconf 86' lang='lat' dir='ltr'><strong>usus.</strong></span> <span class='ocrx_word' id='word_1_393' title='bbox 1818 2197 1999 2258; x_wconf 75' lang='lat' dir='ltr'><strong>A.poet.</strong></span> <span class='ocrx_word' id='word_1_394' title='bbox 2027 2201 2126 2243; x_wconf 89' lang='grc'><strong>416.</strong></span> <span class='ocrx_word' id='word_1_395' title='bbox 2155 2198 2373 2245; x_wconf 83' lang='lat' dir='ltr'><strong>Nousatis</strong></span> <span class='ocrx_word' id='word_1_396' title='bbox 2403 2206 2551 2258; x_wconf 86' lang='lat' dir='ltr'><strong>est.—</strong></span> 
     </span>
     <span class='ocr_line' id='line_1_31' title="bbox 167 2264 2553 2326; baseline -0.002 -8"><span class='ocrx_word' id='word_1_397' title='bbox 167 2272 256 2318; x_wconf 86' lang='lat' dir='ltr'><strong>Sed</strong></span> <span class='ocrx_word' id='word_1_398' title='bbox 283 2271 391 2315; x_wconf 91' lang='lat' dir='ltr'><strong>idem</strong></span> <span class='ocrx_word' id='word_1_399' title='bbox 420 2284 476 2313; x_wconf 93' lang='lat' dir='ltr'><strong>ex</strong></span> <span class='ocrx_word' id='word_1_400' title='bbox 504 2274 670 2312; x_wconf 84' lang='lat' dir='ltr'><strong>vetusto</strong></span> <span class='ocrx_word' id='word_1_401' title='bbox 700 2266 925 2325; x_wconf 86' lang='lat' dir='ltr'><strong>exemplari</strong></span> <span class='ocrx_word' id='word_1_402' title='bbox 955 2280 1030 2309; x_wconf 88' lang='lat' dir='ltr'><strong>suo</strong></span> <span class='ocrx_word' id='word_1_403' title='bbox 1060 2266 1163 2308; x_wconf 89' lang='lat' dir='ltr'><strong>haec</strong></span> <span class='ocrx_word' id='word_1_404' title='bbox 1192 2264 1353 2308; x_wconf 84' lang='lat' dir='ltr'><strong>videtur</strong></span> <span class='ocrx_word' id='word_1_405' title='bbox 1392 2266 1618 2309; x_wconf 87' lang='lat' dir='ltr'><strong>sumsisse:</strong></span> <span class='ocrx_word' id='word_1_406' title='bbox 1648 2265 1868 2326; x_wconf 89' lang='lat' dir='ltr'><strong>1L.Epist.</strong></span> <span class='ocrx_word' id='word_1_407' title='bbox 1897 2269 1941 2322; x_wconf 91' lang='lat'><strong>1,</strong></span> <span class='ocrx_word' id='word_1_408' title='bbox 1971 2269 2041 2310; x_wconf 90' lang='lat'><strong>21.</strong></span> <span class='ocrx_word' id='word_1_409' title='bbox 2073 2273 2337 2312; x_wconf 86' lang='lat' dir='ltr'><strong>summota.</strong></span> <span class='ocrx_word' id='word_1_410' title='bbox 2366 2271 2438 2312; x_wconf 89' lang='lat'><strong>88.</strong></span> <span class='ocrx_word' id='word_1_411' title='bbox 2469 2284 2553 2314; x_wconf 88' lang='lat' dir='ltr'><strong>ex·</strong></span> 
     </span>
     <span class='ocr_line' id='line_1_32' title="bbox 166 2333 2552 2393; baseline -0.002 -7"><span class='ocrx_word' id='word_1_412' title='bbox 166 2340 347 2386; x_wconf 90' lang='lat' dir='ltr'><strong>cludit.</strong></span> <span class='ocrx_word' id='word_1_413' title='bbox 364 2340 674 2383; x_wconf 79' lang='lat' dir='ltr'><strong>114.navem.</strong></span> <span class='ocrx_word' id='word_1_414' title='bbox 692 2336 859 2379; x_wconf 69' lang='lat' dir='ltr'><strong>127.et</strong></span> <span class='ocrx_word' id='word_1_415' title='bbox 887 2334 1154 2378; x_wconf 89' lang='lat' dir='ltr'><strong>obscenis.</strong></span> <span class='ocrx_word' id='word_1_416' title='bbox 1170 2335 1268 2376; x_wconf 90' lang='lat'><strong>222.</strong></span> <span class='ocrx_word' id='word_1_417' title='bbox 1300 2333 1719 2393; x_wconf 88' lang='lat' dir='ltr'><strong>reprehendere.</strong></span> <span class='ocrx_word' id='word_1_418' title='bbox 1735 2336 1779 2389; x_wconf 89' lang='lat'><strong>2,</strong></span> <span class='ocrx_word' id='word_1_419' title='bbox 1810 2337 1880 2378; x_wconf 92' lang='grc'><strong>11.</strong></span> <span class='ocrx_word' id='word_1_420' title='bbox 1913 2335 1997 2392; x_wconf 90' lang='lat' dir='ltr'><strong>qui</strong></span> <span class='ocrx_word' id='word_1_421' title='bbox 2025 2335 2136 2379; x_wconf 82' lang='lat' dir='ltr'><strong>volt</strong></span> <span class='ocrx_word' id='word_1_422' title='bbox 2158 2336 2461 2382; x_wconf 85' lang='lat' dir='ltr'><strong>excludere.</strong></span> <span class='ocrx_word' id='word_1_423' title='bbox 2481 2339 2552 2382; x_wconf 91' lang='grc'><strong>56.</strong></span> 
     </span>
     <span class='ocr_line' id='line_1_33' title="bbox 167 2401 2553 2463; baseline -0.002 -9"><span class='ocrx_word' id='word_1_424' title='bbox 167 2408 382 2463; x_wconf 81' lang='lat' dir='ltr'><strong>convivia,</strong></span> <span class='ocrx_word' id='word_1_425' title='bbox 410 2405 581 2449; x_wconf 87' lang='lat' dir='ltr'><strong>ludos.</strong></span> <span class='ocrx_word' id='word_1_426' title='bbox 610 2405 683 2447; x_wconf 75' lang='grc'><strong>64.</strong></span> <span class='ocrx_word' id='word_1_427' title='bbox 711 2402 764 2446; x_wconf 93' lang='lat' dir='ltr'><strong>id</strong></span> <span class='ocrx_word' id='word_1_428' title='bbox 794 2417 926 2446; x_wconf 86' lang='lat' dir='ltr'><strong>sane</strong></span> <span class='ocrx_word' id='word_1_429' title='bbox 962 2403 1191 2445; x_wconf 87' lang='lat' dir='ltr'><strong>invisum</strong></span> <span class='ocrx_word' id='word_1_430' title='bbox 1220 2407 1315 2445; x_wconf 89' lang='lat' dir='ltr'><strong>est.</strong></span> <span class='ocrx_word' id='word_1_431' title='bbox 1347 2404 1445 2446; x_wconf 83' lang='grc'><strong>141.</strong></span> <span class='ocrx_word' id='word_1_432' title='bbox 1474 2401 1607 2445; x_wconf 91' lang='lat' dir='ltr'><strong>utile</strong></span> <span class='ocrx_word' id='word_1_433' title='bbox 1636 2402 1794 2446; x_wconf 87' lang='lat' dir='ltr'><strong>ludis.</strong></span> <span class='ocrx_word' id='word_1_434' title='bbox 1826 2406 1924 2447; x_wconf 90' lang='grc'><strong>146.</strong></span> <span class='ocrx_word' id='word_1_435' title='bbox 1954 2404 2100 2447; x_wconf 88' lang='lat' dir='ltr'><strong>sitim</strong></span> <span class='ocrx_word' id='word_1_436' title='bbox 2129 2405 2422 2450; x_wconf 86' lang='lat' dir='ltr'><strong>cohiberet.</strong></span> <span class='ocrx_word' id='word_1_437' title='bbox 2453 2408 2553 2451; x_wconf 83' lang='grc'><strong>147.</strong></span> 
     </span>
     <span class='ocr_line' id='line_1_34' title="bbox 167 2468 2552 2536; baseline -0 -17"><span class='ocrx_word' id='word_1_438' title='bbox 167 2475 296 2536; x_wconf 90' lang='lat' dir='ltr'><strong>quid</strong></span> <span class='ocrx_word' id='word_1_439' title='bbox 325 2478 490 2532; x_wconf 85' lang='lat' dir='ltr'><strong>quanto.</strong></span> <span class='ocrx_word' id='word_1_440' title='bbox 519 2475 618 2515; x_wconf 89' lang='grc'><strong>191.</strong></span> <span class='ocrx_word' id='word_1_441' title='bbox 647 2485 750 2514; x_wconf 91' lang='lat' dir='ltr'><strong>non</strong></span> <span class='ocrx_word' id='word_1_442' title='bbox 778 2475 967 2513; x_wconf 87' lang='lat' dir='ltr'><strong>metuam.</strong></span> <span class='ocrx_word' id='word_1_443' title='bbox 996 2492 1052 2501; x_wconf 95' lang='lat'><strong>—</strong></span> <span class='ocrx_word' id='word_1_444' title='bbox 1090 2469 1176 2512; x_wconf 85' lang='lat' dir='ltr'><strong>Ars</strong></span> <span class='ocrx_word' id='word_1_445' title='bbox 1206 2474 1317 2527; x_wconf 88' lang='lat' dir='ltr'><strong>poet.</strong></span> <span class='ocrx_word' id='word_1_446' title='bbox 1347 2472 1416 2513; x_wconf 88' lang='grc'><strong>16.</strong></span> <span class='ocrx_word' id='word_1_447' title='bbox 1448 2468 1734 2522; x_wconf 87' lang='lat' dir='ltr'><strong>Quaelibet</strong></span> <span class='ocrx_word' id='word_1_448' title='bbox 1772 2469 1960 2514; x_wconf 87' lang='lat' dir='ltr'><strong>audendi.</strong></span> <span class='ocrx_word' id='word_1_449' title='bbox 1983 2472 2053 2515; x_wconf 90' lang='grc'><strong>48.</strong></span> <span class='ocrx_word' id='word_1_450' title='bbox 2075 2472 2162 2528; x_wconf 84' lang='lat' dir='ltr'><strong>jam</strong></span> <span class='ocrx_word' id='word_1_451' title='bbox 2189 2486 2291 2516; x_wconf 86' lang='lat' dir='ltr'><strong>uon</strong></span> <span class='ocrx_word' id='word_1_452' title='bbox 2319 2472 2442 2527; x_wconf 86' lang='lat' dir='ltr'><strong>dicat,</strong></span> <span class='ocrx_word' id='word_1_453' title='bbox 2464 2474 2552 2531; x_wconf 82' lang='lat' dir='ltr'><strong>jam</strong></span> 
     </span>
     <span class='ocr_line' id='line_1_35' title="bbox 167 2536 2554 2600; baseline -0.001 -13"><span class='ocrx_word' id='word_1_454' title='bbox 167 2558 268 2591; x_wconf 74' lang='lat' dir='ltr'><strong>mon</strong></span> <span class='ocrx_word' id='word_1_455' title='bbox 286 2543 462 2586; x_wconf 54' lang='lat' dir='ltr'><strong>deu-so.</strong></span> <span class='ocrx_word' id='word_1_456' title='bbox 492 2539 894 2596; x_wconf 70' lang='lat' dir='ltr'><strong>caduntque.71.</strong></span> <span class='ocrx_word' id='word_1_457' title='bbox 926 2541 1048 2580; x_wconf 90' lang='lat' dir='ltr'><strong>sunt</strong></span> <span class='ocrx_word' id='word_1_458' title='bbox 1075 2551 1220 2582; x_wconf 89' lang='lat' dir='ltr'><strong>nuuc.</strong></span> <span class='ocrx_word' id='word_1_459' title='bbox 1240 2538 1337 2580; x_wconf 89' lang='grc'><strong>189.</strong></span> <span class='ocrx_word' id='word_1_460' title='bbox 1365 2536 1700 2580; x_wconf 88' lang='lat' dir='ltr'><strong>Parturient.</strong></span> <span class='ocrx_word' id='word_1_461' title='bbox 1730 2539 1829 2581; x_wconf 88' lang='grc'><strong>176.</strong></span> <span class='ocrx_word' id='word_1_462' title='bbox 1860 2545 1910 2580; x_wconf 92' lang='lat' dir='ltr'><strong>et</strong></span> <span class='ocrx_word' id='word_1_463' title='bbox 1939 2538 2098 2582; x_wconf 83' lang='lat' dir='ltr'><strong>timet.</strong></span> <span class='ocrx_word' id='word_1_464' title='bbox 2130 2541 2554 2600; x_wconf 74' lang='lat' dir='ltr'><strong>164.castigator</strong></span> 
     </span>
     <span class='ocr_line' id='line_1_36' title="bbox 169 2602 2551 2666; baseline -0.001 -11"><span class='ocrx_word' id='word_1_465' title='bbox 169 2622 478 2666; x_wconf 88' lang='lat' dir='ltr'><strong>censorque.</strong></span> <span class='ocrx_word' id='word_1_466' title='bbox 518 2610 616 2651; x_wconf 90' lang='grc'><strong>186.</strong></span> <span class='ocrx_word' id='word_1_467' title='bbox 645 2621 740 2665; x_wconf 92' lang='lat' dir='ltr'><strong>per</strong></span> <span class='ocrx_word' id='word_1_468' title='bbox 778 2619 954 2648; x_wconf 88' lang='lat' dir='ltr'><strong>aures.</strong></span> <span class='ocrx_word' id='word_1_469' title='bbox 984 2605 1086 2647; x_wconf 91' lang='grc'><strong>814.</strong></span> <span class='ocrx_word' id='word_1_470' title='bbox 1119 2602 1367 2645; x_wconf 83' lang='lat' dir='ltr'><strong>officium</strong></span> <span class='ocrx_word' id='word_1_471' title='bbox 1396 2607 1448 2645; x_wconf 88' lang='lat' dir='ltr'><strong>et</strong></span> <span class='ocrx_word' id='word_1_472' title='bbox 1476 2618 1619 2661; x_wconf 89' lang='lat' dir='ltr'><strong>quae.</strong></span> <span class='ocrx_word' id='word_1_473' title='bbox 1647 2605 1749 2649; x_wconf 87' lang='grc'><strong>886.</strong></span> <span class='ocrx_word' id='word_1_474' title='bbox 1781 2619 1842 2647; x_wconf 90' lang='lat' dir='ltr'><strong>an</strong></span> <span class='ocrx_word' id='word_1_475' title='bbox 1868 2605 2011 2649; x_wconf 88' lang='lat' dir='ltr'><strong>haec.</strong></span> <span class='ocrx_word' id='word_1_476' title='bbox 2039 2607 2140 2650; x_wconf 80' lang='grc'><strong>884.</strong></span> <span class='ocrx_word' id='word_1_477' title='bbox 2165 2607 2415 2664; x_wconf 65' lang='lat' dir='ltr'><strong>Jocun‘da.</strong></span> <span class='ocrx_word' id='word_1_478' title='bbox 2451 2609 2551 2652; x_wconf 83' lang='grc'><strong>848.</strong></span> 
     </span>
     <span class='ocr_line' id='line_1_37' title="bbox 170 2669 2345 2736; baseline -0.001 -14"><span class='ocrx_word' id='word_1_479' title='bbox 170 2692 317 2736; x_wconf 88' lang='lat' dir='ltr'><strong>quem</strong></span> <span class='ocrx_word' id='word_1_480' title='bbox 343 2676 471 2720; x_wconf 80' lang='lat' dir='ltr'><strong>volt.</strong></span> <span class='ocrx_word' id='word_1_481' title='bbox 499 2676 599 2718; x_wconf 88' lang='grc'><strong>856.</strong></span> <span class='ocrx_word' id='word_1_482' title='bbox 628 2673 747 2717; x_wconf 86' lang='grc' dir='ltr'><strong>Νοιι</strong></span> <span class='ocrx_word' id='word_1_483' title='bbox 778 2686 956 2732; x_wconf 88' lang='lat' dir='ltr'><strong>semper.</strong></span> <span class='ocrx_word' id='word_1_484' title='bbox 986 2671 1087 2713; x_wconf 87' lang='grc'><strong>852.</strong></span> <span class='ocrx_word' id='word_1_485' title='bbox 1115 2670 1329 2713; x_wconf 86' lang='lat' dir='ltr'><strong>incuria</strong></span> <span class='ocrx_word' id='word_1_486' title='bbox 1356 2669 1511 2714; x_wconf 86' lang='lat' dir='ltr'><strong>fudit.</strong></span> <span class='ocrx_word' id='word_1_487' title='bbox 1540 2673 1640 2715; x_wconf 86' lang='grc'><strong>866.</strong></span> <span class='ocrx_word' id='word_1_488' title='bbox 1670 2670 1862 2717; x_wconf 87' lang='lat' dir='ltr'><strong>Verum</strong></span> <span class='ocrx_word' id='word_1_489' title='bbox 1891 2686 2056 2732; x_wconf 91' lang='lat' dir='ltr'><strong>opere</strong></span> <span class='ocrx_word' id='word_1_490' title='bbox 2084 2674 2137 2717; x_wconf 90' lang='lat' dir='ltr'><strong>in</strong></span> <span class='ocrx_word' id='word_1_491' title='bbox 2163 2673 2345 2733; x_wconf 79' lang='lat' dir='ltr'><strong>longo.</strong></span> 
     </span>
    </p>
   </div>
   <div class='ocr_carea' id='block_1_5' title="bbox 281 2782 2553 2844">
    <p class='ocr_par' dir='ltr' id='par_1_5' title="bbox 281 2782 2553 2844">
     <span class='ocr_line' id='line_1_38' title="bbox 281 2782 2553 2844; baseline 0.001 -16"><span class='ocrx_word' id='word_1_492' title='bbox 281 2790 365 2844; x_wconf 72' lang='grc'><strong>«19)</strong></span> <span class='ocrx_word' id='word_1_493' title='bbox 394 2786 547 2833; x_wconf 68' lang='lat' dir='ltr'><strong>Tur.</strong></span> <span class='ocrx_word' id='word_1_494' title='bbox 607 2783 793 2828; x_wconf 82' lang='lat' dir='ltr'><strong>Codex</strong></span> <span class='ocrx_word' id='word_1_495' title='bbox 830 2782 1200 2827; x_wconf 87' lang='lat' dir='ltr'><strong>bibliothecae</strong></span> <span class='ocrx_word' id='word_1_496' title='bbox 1230 2783 1559 2837; x_wconf 11' lang='lat' dir='ltr'><strong>Tpuricensis</strong></span> <span class='ocrx_word' id='word_1_497' title='bbox 1601 2784 1893 2828; x_wconf 91' lang='lat' dir='ltr'><strong>Carolinus</strong></span> <span class='ocrx_word' id='word_1_498' title='bbox 1925 2799 2039 2829; x_wconf 87' lang='lat' dir='ltr'><strong>saec.</strong></span> <span class='ocrx_word' id='word_1_499' title='bbox 2067 2788 2120 2829; x_wconf 84' lang='lat' dir='ltr'><strong>X.</strong></span> <span class='ocrx_word' id='word_1_500' title='bbox 2150 2788 2480 2831; x_wconf 89' lang='lat' dir='ltr'><strong>membranaceus</strong></span> <span class='ocrx_word' id='word_1_501' title='bbox 2508 2790 2553 2833; x_wconf 89' lang='lat' dir='ltr'><strong>in</strong></span> 
     </span>
    </p>
   </div>
   <div class='ocr_carea' id='block_1_6' title="bbox 72 2848 2553 2916">
    <p class='ocr_par' dir='ltr' id='par_1_6' title="bbox 72 2848 2553 2916">
     <span class='ocr_line' id='line_1_39' title="bbox 72 2848 2553 2916; baseline -0.001 -13"><span class='ocrx_word' id='word_1_502' title='bbox 72 2875 75 2878; x_wconf 90' lang='lat'><em>·</em></span> <span class='ocrx_word' id='word_1_503' title='bbox 165 2863 256 2915; x_wconf 67' lang='lat'><strong>42⁰,</strong></span> <span class='ocrx_word' id='word_1_504' title='bbox 287 2857 400 2916; x_wconf 77' lang='lat' dir='ltr'><strong>sign.</strong></span> <span class='ocrx_word' id='word_1_505' title='bbox 428 2853 507 2897; x_wconf 84' lang='lat' dir='ltr'><strong>Nr.</strong></span> <span class='ocrx_word' id='word_1_506' title='bbox 525 2851 576 2897; x_wconf 92' lang='lat' dir='ltr'><strong>C.</strong></span> <span class='ocrx_word' id='word_1_507' title='bbox 607 2853 716 2895; x_wconf 82' lang='grc'><strong>154..</strong></span> <span class='ocrx_word' id='word_1_508' title='bbox 736 2866 814 2910; x_wconf 91' lang='lat' dir='ltr'><strong>quo</strong></span> <span class='ocrx_word' id='word_1_509' title='bbox 846 2851 1027 2895; x_wconf 89' lang='lat' dir='ltr'><strong>Orellius</strong></span> <span class='ocrx_word' id='word_1_510' title='bbox 1058 2848 1111 2895; x_wconf 86' lang='lat' dir='ltr'><strong>V.</strong></span> <span class='ocrx_word' id='word_1_511' title='bbox 1133 2848 1196 2894; x_wconf 91' lang='lat' dir='ltr'><strong>Cl.</strong></span> <span class='ocrx_word' id='word_1_512' title='bbox 1227 2850 1277 2894; x_wconf 90' lang='lat' dir='ltr'><strong>ad</strong></span> <span class='ocrx_word' id='word_1_513' title='bbox 1295 2850 1374 2896; x_wconf 88' lang='lat' dir='ltr'><strong>Ed.</strong></span> <span class='ocrx_word' id='word_1_514' title='bbox 1402 2851 1510 2897; x_wconf 85' lang='lat' dir='ltr'><strong>Hor.</strong></span> <span class='ocrx_word' id='word_1_515' title='bbox 1540 2856 1606 2894; x_wconf 90' lang='lat' dir='ltr'><strong>est</strong></span> <span class='ocrx_word' id='word_1_516' title='bbox 1634 2865 1734 2895; x_wconf 91' lang='lat' dir='ltr'><strong>usus</strong></span> <span class='ocrx_word' id='word_1_517' title='bbox 1765 2858 1807 2897; x_wconf 91' lang='lat' dir='ltr'><strong>et</strong></span> <span class='ocrx_word' id='word_1_518' title='bbox 1832 2853 1911 2898; x_wconf 89' lang='lat' dir='ltr'><strong>litt.</strong></span> <span class='ocrx_word' id='word_1_519' title='bbox 1931 2852 1989 2896; x_wconf 88' lang='lat' dir='ltr'><strong>T.</strong></span> <span class='ocrx_word' id='word_1_520' title='bbox 2010 2867 2100 2897; x_wconf 88' lang='lat' dir='ltr'><strong>enm</strong></span> <span class='ocrx_word' id='word_1_521' title='bbox 2125 2855 2294 2898; x_wconf 82' lang='lat' dir='ltr'><strong>notavit.</strong></span> <span class='ocrx_word' id='word_1_522' title='bbox 2352 2853 2434 2899; x_wconf 83' lang='lat' dir='ltr'><strong>Hic</strong></span> <span class='ocrx_word' id='word_1_523' title='bbox 2448 2855 2553 2901; x_wconf 89' lang='lat' dir='ltr'><strong>liber</strong></span> 
     </span>
    </p>
   </div>
   <div class='ocr_carea' id='block_1_7' title="bbox 166 2917 2553 3320">
    <p class='ocr_par' dir='ltr' id='par_1_7' title="bbox 166 2917 2553 3320">
     <span class='ocr_line' id='line_1_40' title="bbox 166 2917 2552 2984; baseline -0.001 -14"><span class='ocrx_word' id='word_1_524' title='bbox 166 2929 226 2970; x_wconf 90' lang='lat'><strong>88</strong></span> <span class='ocrx_word' id='word_1_525' title='bbox 252 2925 370 2970; x_wconf 80' lang='lat' dir='ltr'><strong>foliis</strong></span> <span class='ocrx_word' id='word_1_526' title='bbox 401 2925 616 2976; x_wconf 84' lang='lat' dir='ltr'><strong>constans,</strong></span> <span class='ocrx_word' id='word_1_527' title='bbox 647 2920 819 2963; x_wconf 78' lang='lat' dir='ltr'><strong>confuse</strong></span> <span class='ocrx_word' id='word_1_528' title='bbox 848 2921 957 2963; x_wconf 89' lang='lat' dir='ltr'><strong>inter</strong></span> <span class='ocrx_word' id='word_1_529' title='bbox 987 2933 1035 2963; x_wconf 90' lang='lat' dir='ltr'><strong>se</strong></span> <span class='ocrx_word' id='word_1_530' title='bbox 1059 2918 1230 2976; x_wconf 89' lang='lat' dir='ltr'><strong>junctis,</strong></span> <span class='ocrx_word' id='word_1_531' title='bbox 1261 2919 1443 2963; x_wconf 90' lang='lat' dir='ltr'><strong>continet</strong></span> <span class='ocrx_word' id='word_1_532' title='bbox 1469 2917 1689 2962; x_wconf 88' lang='lat' dir='ltr'><strong>Horatii</strong></span> <span class='ocrx_word' id='word_1_533' title='bbox 1729 2921 2012 2965; x_wconf 84' lang='lat' dir='ltr'><strong>carminum</strong></span> <span class='ocrx_word' id='word_1_534' title='bbox 2040 2921 2216 2966; x_wconf 90' lang='lat' dir='ltr'><strong>libros</strong></span> <span class='ocrx_word' id='word_1_535' title='bbox 2245 2920 2322 2967; x_wconf 85' lang='lat' dir='ltr'><strong>lv.</strong></span> <span class='ocrx_word' id='word_1_536' title='bbox 2353 2936 2408 2965; x_wconf 91' lang='lat' dir='ltr'><strong>ex</strong></span> <span class='ocrx_word' id='word_1_537' title='bbox 2434 2929 2552 2984; x_wconf 87' lang='lat' dir='ltr'><strong>parte</strong></span> 
     </span>
     <span class='ocr_line' id='line_1_41' title="bbox 168 2985 2551 3048; baseline -0.001 -10"><span class='ocrx_word' id='word_1_538' title='bbox 168 2994 360 3047; x_wconf 88' lang='lat' dir='ltr'><strong>mutilos,</strong></span> <span class='ocrx_word' id='word_1_539' title='bbox 390 2991 575 3034; x_wconf 81' lang='lat' dir='ltr'><strong>Artem</strong></span> <span class='ocrx_word' id='word_1_540' title='bbox 614 2992 755 3047; x_wconf 88' lang='lat' dir='ltr'><strong>poet.</strong></span> <span class='ocrx_word' id='word_1_541' title='bbox 791 2992 832 3030; x_wconf 92' lang='lat' dir='ltr'><strong>et</strong></span> <span class='ocrx_word' id='word_1_542' title='bbox 860 2986 1089 3047; x_wconf 85' lang='lat' dir='ltr'><strong>Epodon</strong></span> <span class='ocrx_word' id='word_1_543' title='bbox 1124 2985 1313 3030; x_wconf 89' lang='lat' dir='ltr'><strong>librum</strong></span> <span class='ocrx_word' id='word_1_544' title='bbox 1352 2987 1473 3029; x_wconf 88' lang='lat' dir='ltr'><strong>etiam</strong></span> <span class='ocrx_word' id='word_1_545' title='bbox 1516 2986 1709 3034; x_wconf 89' lang='lat' dir='ltr'><strong>mutilum.</strong></span> <span class='ocrx_word' id='word_1_546' title='bbox 1765 2986 1816 3031; x_wconf 90' lang='lat' dir='ltr'><strong>In</strong></span> <span class='ocrx_word' id='word_1_547' title='bbox 1844 2987 1918 3033; x_wconf 81' lang='lat' dir='ltr'><strong>fol.</strong></span> <span class='ocrx_word' id='word_1_548' title='bbox 1949 2989 2120 3032; x_wconf 89' lang='grc'><strong>1-58</strong></span> <span class='ocrx_word' id='word_1_549' title='bbox 2147 2993 2314 3032; x_wconf 85' lang='lat' dir='ltr'><strong>exstant</strong></span> <span class='ocrx_word' id='word_1_550' title='bbox 2343 2986 2482 3036; x_wconf 87' lang='lat' dir='ltr'><strong>Carm.</strong></span> <span class='ocrx_word' id='word_1_551' title='bbox 2511 2991 2551 3048; x_wconf 88' lang='lat'><strong>1,</strong></span> 
     </span>
     <span class='ocr_line' id='line_1_42' title="bbox 169 3053 2553 3120; baseline -0 -14"><span class='ocrx_word' id='word_1_552' title='bbox 169 3067 195 3106; x_wconf 95' lang='lat'><strong>1</strong></span> <span class='ocrx_word' id='word_1_553' title='bbox 212 3060 362 3116; x_wconf 93' lang='lat'>-111‚</span> <span class='ocrx_word' id='word_1_554' title='bbox 390 3061 462 3103; x_wconf 87' lang='grc'><strong>27.</strong></span> <span class='ocrx_word' id='word_1_555' title='bbox 491 3072 533 3103; x_wconf 84' lang='lat' dir='ltr'><strong>v.</strong></span> <span class='ocrx_word' id='word_1_556' title='bbox 551 3057 625 3101; x_wconf 88' lang='grc'><strong>56.</strong></span> <span class='ocrx_word' id='word_1_557' title='bbox 649 3053 768 3099; x_wconf 82' lang='grc' dir='ltr'><strong>Τιιιιι</strong></span> <span class='ocrx_word' id='word_1_558' title='bbox 785 3054 930 3100; x_wconf 87' lang='lat' dir='ltr'><strong>lacuna</strong></span> <span class='ocrx_word' id='word_1_559' title='bbox 959 3059 1027 3098; x_wconf 78' lang='lat' dir='ltr'><strong>est</strong></span> <span class='ocrx_word' id='word_1_560' title='bbox 1054 3053 1162 3097; x_wconf 87' lang='lat' dir='ltr'><strong>inter</strong></span> <span class='ocrx_word' id='word_1_561' title='bbox 1176 3054 1247 3100; x_wconf 87' lang='lat' dir='ltr'><strong>fol.</strong></span> <span class='ocrx_word' id='word_1_562' title='bbox 1277 3056 1337 3098; x_wconf 93' lang='grc'><strong>58</strong></span> <span class='ocrx_word' id='word_1_563' title='bbox 1353 3055 1482 3097; x_wconf 82' lang='grc'><strong>-54</strong></span> <span class='ocrx_word' id='word_1_564' title='bbox 1508 3068 1636 3113; x_wconf 90' lang='lat' dir='ltr'><strong>usque</strong></span> <span class='ocrx_word' id='word_1_565' title='bbox 1653 3053 1703 3098; x_wconf 92' lang='lat' dir='ltr'><strong>ad</strong></span> <span class='ocrx_word' id='word_1_566' title='bbox 1719 3054 1796 3099; x_wconf 87' lang='lat' dir='ltr'><strong>Od.</strong></span> <span class='ocrx_word' id='word_1_567' title='bbox 1825 3053 1901 3107; x_wconf 87' lang='lat' dir='ltr'><strong>IV,</strong></span> <span class='ocrx_word' id='word_1_568' title='bbox 1933 3058 1988 3099; x_wconf 93' lang='lat'><strong>11</strong></span> <span class='ocrx_word' id='word_1_569' title='bbox 2016 3070 2056 3100; x_wconf 81' lang='lat' dir='ltr'><strong>v.</strong></span> <span class='ocrx_word' id='word_1_570' title='bbox 2087 3057 2156 3100; x_wconf 91' lang='lat'><strong>12.</strong></span> <span class='ocrx_word' id='word_1_571' title='bbox 2187 3054 2381 3116; x_wconf 89' lang='lat' dir='ltr'><strong>Sequitur</strong></span> <span class='ocrx_word' id='word_1_572' title='bbox 2394 3058 2553 3120; x_wconf 84' lang='lat' dir='ltr'><strong>reliqua</strong></span> 
     </span>
     <span class='ocr_line' id='line_1_43' title="bbox 168 3120 2550 3190; baseline -0.001 -16"><span class='ocrx_word' id='word_1_573' title='bbox 168 3144 266 3190; x_wconf 84' lang='lat' dir='ltr'><strong>pars</strong></span> <span class='ocrx_word' id='word_1_574' title='bbox 295 3128 390 3173; x_wconf 88' lang='lat' dir='ltr'><strong>libri</strong></span> <span class='ocrx_word' id='word_1_575' title='bbox 406 3124 482 3173; x_wconf 83' lang='lat' dir='ltr'><strong>IV.</strong></span> <span class='ocrx_word' id='word_1_576' title='bbox 514 3121 750 3170; x_wconf 84' lang='lat' dir='ltr'><strong>carminum</strong></span> <span class='ocrx_word' id='word_1_577' title='bbox 769 3122 820 3166; x_wconf 86' lang='lat' dir='ltr'><strong>ad</strong></span> <span class='ocrx_word' id='word_1_578' title='bbox 836 3121 913 3167; x_wconf 80' lang='lat' dir='ltr'><strong>od.</strong></span> <span class='ocrx_word' id='word_1_579' title='bbox 944 3124 1017 3179; x_wconf 92' lang='grc'><strong>11,</strong></span> <span class='ocrx_word' id='word_1_580' title='bbox 1050 3123 1117 3165; x_wconf 89' lang='grc'><strong>12.</strong></span> <span class='ocrx_word' id='word_1_581' title='bbox 1147 3120 1358 3166; x_wconf 81' lang='lat' dir='ltr'><strong>DeinArs</strong></span> <span class='ocrx_word' id='word_1_582' title='bbox 1387 3126 1497 3182; x_wconf 86' lang='lat' dir='ltr'><strong>poet.</strong></span> <span class='ocrx_word' id='word_1_583' title='bbox 1530 3125 1572 3165; x_wconf 87' lang='lat' dir='ltr'><strong>et</strong></span> <span class='ocrx_word' id='word_1_584' title='bbox 1587 3121 1725 3183; x_wconf 88' lang='lat' dir='ltr'><strong>Epodi</strong></span> <span class='ocrx_word' id='word_1_585' title='bbox 1754 3125 1795 3166; x_wconf 91' lang='lat'><strong>1.</strong></span> <span class='ocrx_word' id='word_1_586' title='bbox 1814 3123 2000 3179; x_wconf 85' lang='lat' dir='ltr'><strong>initium,</strong></span> <span class='ocrx_word' id='word_1_587' title='bbox 2016 3124 2122 3168; x_wconf 67' lang='lat'><strong>1258</strong></span> <span class='ocrx_word' id='word_1_588' title='bbox 2137 3125 2277 3167; x_wconf 76' lang='grc'><strong>-66,</strong></span> <span class='ocrx_word' id='word_1_589' title='bbox 2293 3125 2400 3170; x_wconf 89' lang='lat' dir='ltr'><strong>unde</strong></span> <span class='ocrx_word' id='word_1_590' title='bbox 2419 3128 2550 3177; x_wconf 85' lang='lat' dir='ltr'><strong>altera</strong></span> 
     </span>
     <span class='ocr_line' id='line_1_44' title="bbox 169 3188 2549 3253; baseline -0.001 -12"><span class='ocrx_word' id='word_1_591' title='bbox 169 3198 317 3241; x_wconf 89' lang='lat' dir='ltr'><strong>lacuna</strong></span> <span class='ocrx_word' id='word_1_592' title='bbox 354 3192 553 3237; x_wconf 88' lang='lat' dir='ltr'><strong>absumsit</strong></span> <span class='ocrx_word' id='word_1_593' title='bbox 579 3189 723 3251; x_wconf 77' lang='lat' dir='ltr'><strong>Epod.¹</strong></span> <span class='ocrx_word' id='word_1_594' title='bbox 743 3189 794 3246; x_wconf 89' lang='lat'><strong>1,</strong></span> <span class='ocrx_word' id='word_1_595' title='bbox 823 3192 1019 3245; x_wconf 87' lang='grc'><strong>18-9,</strong></span> <span class='ocrx_word' id='word_1_596' title='bbox 1048 3191 1120 3232; x_wconf 83' lang='grc'><strong>86.</strong></span> <span class='ocrx_word' id='word_1_597' title='bbox 1152 3188 1326 3248; x_wconf 90' lang='lat' dir='ltr'><strong>Epodon</strong></span> <span class='ocrx_word' id='word_1_598' title='bbox 1362 3190 1557 3247; x_wconf 88' lang='lat' dir='ltr'><strong>reliquam</strong></span> <span class='ocrx_word' id='word_1_599' title='bbox 1594 3196 1751 3250; x_wconf 88' lang='lat' dir='ltr'><strong>partem</strong></span> <span class='ocrx_word' id='word_1_600' title='bbox 1790 3192 1945 3250; x_wconf 87' lang='lat' dir='ltr'><strong>excipit</strong></span> <span class='ocrx_word' id='word_1_601' title='bbox 1982 3189 2160 3235; x_wconf 87' lang='lat' dir='ltr'><strong>Carmen</strong></span> <span class='ocrx_word' id='word_1_602' title='bbox 2200 3205 2313 3237; x_wconf 87' lang='lat' dir='ltr'><strong>saec.</strong></span> <span class='ocrx_word' id='word_1_603' title='bbox 2353 3208 2394 3253; x_wconf 91' lang='lat' dir='ltr'><strong>p.</strong></span> <span class='ocrx_word' id='word_1_604' title='bbox 2422 3198 2483 3239; x_wconf 87' lang='grc'><strong>77</strong></span> <span class='ocrx_word' id='word_1_605' title='bbox 2509 3196 2549 3239; x_wconf 92' lang='lat' dir='ltr'><strong>b.</strong></span> 
     </span>
     <span class='ocr_line' id='line_1_45' title="bbox 168 3249 2550 3320; baseline -0 -12"><span class='ocrx_word' id='word_1_606' title='bbox 168 3282 210 3312; x_wconf 83' lang='lat' dir='ltr'><strong>v.</strong></span> <span class='ocrx_word' id='word_1_607' title='bbox 241 3268 265 3308; x_wconf 97' lang='grc'><strong>1</strong></span> <span class='ocrx_word' id='word_1_608' title='bbox 285 3287 340 3297; x_wconf 91' lang='grc'>-</span> <span class='ocrx_word' id='word_1_609' title='bbox 354 3263 437 3318; x_wconf 81' lang='grc'><strong>26,</strong></span> <span class='ocrx_word' id='word_1_610' title='bbox 473 3260 544 3304; x_wconf 91' lang='lat' dir='ltr'><strong>ubi</strong></span> <span class='ocrx_word' id='word_1_611' title='bbox 581 3258 732 3304; x_wconf 85' lang='lat' dir='ltr'><strong>deficit.</strong></span> <span class='ocrx_word' id='word_1_612' title='bbox 789 3256 840 3302; x_wconf 88' lang='lat' dir='ltr'><strong>Iu</strong></span> <span class='ocrx_word' id='word_1_613' title='bbox 868 3262 1053 3302; x_wconf 85' lang='lat' dir='ltr'><strong>extrema</strong></span> <span class='ocrx_word' id='word_1_614' title='bbox 1089 3262 1206 3316; x_wconf 89' lang='lat' dir='ltr'><strong>parte</strong></span> <span class='ocrx_word' id='word_1_615' title='bbox 1234 3257 1268 3304; x_wconf 83' lang='lat' dir='ltr'><strong>f.</strong></span> <span class='ocrx_word' id='word_1_616' title='bbox 1295 3258 1497 3301; x_wconf 88' lang='grc'><strong>78-88</strong></span> <span class='ocrx_word' id='word_1_617' title='bbox 1527 3257 1788 3315; x_wconf 85' lang='lat' dir='ltr'><strong>subsequitur</strong></span> <span class='ocrx_word' id='word_1_618' title='bbox 1815 3258 1954 3303; x_wconf 85' lang='lat' dir='ltr'><strong>lacera</strong></span> <span class='ocrx_word' id='word_1_619' title='bbox 1981 3254 2080 3317; x_wconf 85' lang='lat' dir='ltr'><strong>pars</strong></span> <span class='ocrx_word' id='word_1_620' title='bbox 2108 3257 2204 3303; x_wconf 88' lang='lat' dir='ltr'><strong>libri</strong></span> <span class='ocrx_word' id='word_1_621' title='bbox 2230 3258 2306 3307; x_wconf 84' lang='lat' dir='ltr'><strong>lv.</strong></span> <span class='ocrx_word' id='word_1_622' title='bbox 2337 3258 2475 3310; x_wconf 86' lang='lat' dir='ltr'><strong>Carm.</strong></span> <span class='ocrx_word' id='word_1_623' title='bbox 2503 3249 2550 3320; x_wconf 72' lang='grc'><strong>4,</strong></span> 
     </span>
    </p>
   </div>
  </div>
 </body>
</html>
