2737 3600
1352 178 1423 226 84

202 314 254 359 In
291 314 373 357 fine
411 313 703 370 subscriptum:
742 313 933 367 Eis-plicat
957 309 1135 352 Oramus
1179 309 1632 354 bonm.At1-amentum
1661 325 1685 354 e
1713 310 1833 356 fusco
1861 309 2140 369 nigerrimum.
2188 308 2413 368 »Scriptura
2429 311 2577 370 plana,

204 382 423 439 explicata,
454 379 636 442 aequalis
668 382 711 420 et
740 382 946 431 accurata,
975 377 1126 419 litteris
1156 377 1445 434 grandioribus
1475 368 1518 419 et
1544 376 1844 433 pinguioribus.
1901 376 2179 435 lutei-punctio
2209 375 2383 433 simplex
2406 382 2577 424 deom-

202 447 321 492 moda
349 461 425 505 per
450 450 641 505 punctum
669 445 819 503 majus,
847 444 978 487 miuus
1009 447 1051 486 et
1076 443 1280 502 interrog.
1311 444 1487 502 signum.
1543 441 1698 486 Rarius
1727 444 1859 501 major
1885 443 2023 488 littera
2049 446 2145 502 post
2170 447 2359 502 punctum
2385 442 2430 486 in
2444 443 2577 490 medio

200 529 338 558 versu.
395 513 588 557 Litterae
617 512 798 556 initiales
828 511 1051 554 uncialibus
1082 517 1274 555 constant
1303 511 1644 571 simplicioribus,
1675 514 1717 553 et
1746 525 1834 555 cum
1863 512 2088 557 minoribus
2115 509 2290 554 indolem
2320 524 2430 553 saec.
2457 510 2579 558 xm.

197 582 377 625 ineuntis
422 582 558 639 magis
589 595 705 637 quam
743 579 866 623 medii
902 578 968 620 vel
1007 579 1197 621 exeuntis
1236 593 1337 637 prae
1376 594 1424 622 se
1462 579 1615 623 serunt.
1655 591 1679 620 e
1708 576 1775 619 vel
1802 594 1834 642 ς
1861 593 1964 636 pro
1975 594 2064 634 ·,ae
2094 593 2118 621 o
2132 593 2156 622 e
2185 592 2363 636 semper,
2391 577 2408 620 i
2435 593 2578 637 purum

198 650 373 707 ubique,
402 648 421 692 ί
448 649 554 692 vel
541 664 558 693 1
586 662 807 706 nusquam,
846 644 964 690 modo
995 644 1029 688 ss
1056 646 1210 704 passim
1241 648 1360 701 (eun
1371 645 1436 699 ss,
1473 647 1525 690 in
1537 645 1585 690 di
1596 660 1617 688 c
1620 626 1646 688 i
1654 643 1671 687 i
1681 645 1743 698 s).
1780 643 1806 686 d
1835 645 2006 703 ubique,
2046 661 2130 696 non
2159 644 2200 690 δ.
2228 660 2251 688 r
2277 645 2370 689 sere
2398 659 2577 705 semper,

198 731 213 765 ι
241 718 406 772 rarius,
437 717 458 759 Ι
482 717 649 774 longum
678 716 848 773 ubique,
893 728 913 756 s
944 713 1067 757 finale
1104 714 1267 769 rarius,
1308 719 1351 756 et
1389 728 1515 774 supra
1555 714 1702 758 lineam
1732 711 1878 756 elatum
1907 714 1953 768 (v
1964 714 2095 770 elit).
2124 728 2151 756 ιι
2179 727 2255 772 pro
2284 727 2311 756 v
2341 727 2518 772 semper,
2547 727 2578 774 y

196 790 345 844 puncto
376 784 657 843 superscripto
690 796 851 841 semper
878 786 1078 837 notatum,
1108 786 1155 825 nt
1181 782 1226 826 in
1252 781 1375 841 Lips.
1404 784 1449 837 8,
1479 796 1519 828 a.
1549 779 1801 839 Compendia
1829 780 2037 834 scribendi
2063 795 2161 825 rara
2188 786 2230 824 et
2257 795 2410 840 pauca·
2399 811 2411 829 .
2443 779 2500 831 ὦ,
2515 781 2575 836 ,1'3

195 856 290 909 (pro
308 850 403 902 sed)
431 850 700 906 frequentius.
761 849 797 891 0
807 863 831 890 r
841 849 893 890 th
904 862 929 890 o
942 862 974 905 g
981 863 1071 906 rap
1083 850 1136 891 hi
1148 863 1175 890 a
1200 863 1230 891 v
1242 863 1266 891 o
1278 863 1300 891 c
1313 864 1385 891 um
1413 850 1577 905 antiqua
1605 849 1719 889 fere:
1750 861 1775 904 p
1792 848 1901 888 inter
1916 861 1998 900 ιιιιι,
2026 862 2106 902 ms,
2125 853 2184 891 mt
2199 862 2362 906 semper
2377 849 2576 892 insertum

194 918 238 975 (c
252 918 501 976 olumpne,
535 915 774 975 sumpsit,
805 920 1022 973 emptor,
1053 914 1352 975 ademptus)
1381 917 1396 959 i
1412 920 1495 973 ety
1513 929 1638 973 saepe
1653 914 1762 958 inter
1776 927 1825 956 se
1837 918 2105 963 commutatae
2135 915 2266 973 (yma
2278 929 2316 971 s,
2345 914 2576 973 tybiefln,

193 999 402 1045 pysone
416 999 453 1040 s,
482 984 730 1042 yliacum,
760 983 955 1027 ciclicu
969 997 1008 1038 s,
1036 984 1206 1027 satiro
1220 985 1285 1038 s):
1317 983 1395 1038 ad,
1424 983 1494 1038 in,
1524 996 1617 1026 con
1645 982 1689 1024 in
1718 981 1956 1040 compositis
1985 995 2095 1035 raro,
2114 982 2373 1038 coalescunt:
2405 982 2575 1040 adqui·

194 1067 345 1107 rere,
385 1052 687 1110 adspirare,
726 1051 1019 1109 inpariter,
1055 1051 1320 1106 inmunda,
1350 1056 1432 1093 tum
1461 1050 1613 1105 exul,
1646 1063 1827 1108 expes,
1857 1048 2064 1103 vicium,
2095 1050 2278 1103 ocium,
2308 1048 2576 1107 quicquid,

195 1134 453 1178 umquam,
484 1132 832 1177 quocumque,
863 1116 1149 1173 dumtaxat,
1180 1132 1399 1177 urgere,
1430 1121 1598 1172 carta,
1628 1116 1778 1175 grais
1809 1120 1904 1160 cett.
1946 1140 1999 1149 —
2045 1115 2243 1159 Lectio
2272 1116 2434 1161 huius
2462 1115 2573 1161 codi-

196 1188 258 1230 cis
289 1203 312 1229 e
342 1189 451 1229 bono
493 1192 535 1228 et
573 1191 736 1228 vetusto
778 1186 1003 1241 exemplari
1047 1186 1244 1242 descripti
1283 1186 1440 1242 proba,
1484 1190 1601 1227 recta
1638 1190 1680 1227 et
1719 1184 1956 1239 emendata,
1996 1198 2153 1242 pauca
2153 1184 2278 1228 habet
2303 1184 2480 1240 vitiosa,
2500 1183 2577 1239 sed

192 1255 362 1312 propria
391 1253 636 1310 cognitoque
676 1250 803 1308 digna
845 1250 964 1309 plura
1003 1250 1153 1306 offert,
1184 1256 1228 1294 nt
1255 1251 1322 1294 hic
1351 1251 1497 1294 liber
1485 1266 1528 1294 ιιι
1556 1250 1792 1294 melioribus
1823 1250 1985 1295 omnino
2014 1236 2223 1295 habendus
2253 1250 2321 1294 sit.
2379 1249 2417 1308 E
2445 1251 2576 1295 variis

190 1320 435 1364 lectionibus
473 1317 692 1362 nonnullas
732 1316 885 1367 afferre
924 1317 1080 1377 placet·
1127 1331 1166 1361 v.
1208 1320 1251 1362 8.
1292 1317 1353 1360 F·
1341 1332 1393 1361 ιιι
1404 1331 1443 1376 g
1446 1322 1567 1363 untu
1578 1332 1601 1362 r
1640 1318 1817 1376 species.
1857 1319 1932 1364 58.
1960 1318 2076 1361 fonte
2119 1317 2319 1364 cadent.
2346 1319 2418 1364 74.
2447 1319 2574 1370 scu-ibi

188 1387 423 1446 possint.
454 1388 553 1430 182.
581 1386 691 1428 Νοιι
709 1386 822 1428 circa
837 1387 932 1427 180.
962 1386 1218 1443 incipias.
1250 1387 1346 1428 188.
1378 1384 1486 1445 Quid
1514 1389 1661 1429 tauto
1692 1384 1914 1442 dignum.
1944 1387 2041 1428 152.
2055 1386 2279 1429 Primum
2306 1399 2369 1438 ne
2390 1385 2576 1429 medio.

191 1457 291 1500 178.
320 1454 632 1499 morabitur.
670 1455 769 1496 208.
808 1457 850 1496 et
888 1453 1065 1507 nrbes.
1101 1454 1202 1506 28.
1242 1451 1359 1495 Νοιι
1398 1452 1489 1499 sic.
1519 1453 1616 1497 252.
1647 1450 2119 1509 ιιοοώιοιιιηίί.
2149 1453 2250 1498 2Ί8.
2280 1466 2574 1503 secernere

192 1522 356 1564 dicto.
386 1523 496 1565 1274.
535 1520 792 1562 callemus
838 1523 888 1561 et
925 1524 1057 1561 arte.
1087 1521 1187 1561 ³⁰4.
1228 1518 1322 1561 sed
1359 1533 1458 1575 ego
1495 1520 1701 1577 fungar.
1751 1521 1854 1565 840.
1895 1520 2181 1563 abstrahat
2208 1520 2315 1564 alvo.
2342 1521 2442 1565 851.
2470 1519 2574 1564 Ast

191 1590 277 1632 ubi
306 1589 553 1645 phiram.
583 1586 797 1644 coeptis
827 1584 1013 1632 medium.
1041 1586 1140 1630 885.
1171 1584 1342 1630 facies
1373 1584 1640 1644 dicesque.
1669 1587 1769 1631 428.
1799 1589 1848 1630 et
1876 1586 2134 1646 excipere
2162 1586 2280 1632 atris.

300 1679 383 1731 ³4)
414 1676 652 1734 (31:113.
714 1674 903 1720 Codex
931 1679 972 1720 0.
1002 1675 1372 1720 bibliothecae
1391 1675 1613 1720 Ducalis
1643 1673 2148 1735 Gnelpherbytanae
2178 1673 2422 1723 saec-XIV.
2449 1690 2572 1720 mem·

186 1748 414 1789 branaceus
458 1745 501 1787 in
535 1748 635 1800 Svo,
676 1745 786 1802 sign.
828 1742 933 1787 Gud.
971 1746 1072 1787 808.
1117 1744 1231 1786 cuius
1275 1744 1461 1787 notitiam
1498 1757 1538 1786 v.
1577 1757 1642 1802 ap.
1679 1743 1873 1786 Ebertum
1916 1744 1959 1786 in
1998 1743 2132 1787 Catal.
2176 1760 2240 1788 nr.
2279 1746 2381 1789 48⁶.
2414 1751 2456 1787 et
2483 1744 2570 1789 ΤΙι.

188 1812 438 1857 Schmidium
481 1812 525 1854 in
564 1811 644 1857 Ed.
675 1811 812 1870 Epist.
844 1810 902 1854 T.
932 1810 990 1857 11.
1028 1825 1070 1869 p.
1097 1809 1195 1854 258.
1235 1825 1299 1855 nr.
1330 1814 1369 1854 1.
1409 1810 1490 1853 Hic
1533 1810 1638 1853 liber
1673 1812 1789 1854 corio
1835 1811 1954 1854 badio
1993 1814 2125 1854 tectus
2155 1813 2206 1854 in
2234 1812 2438 1856 volumine
2466 1812 2571 1855 satis

189 1880 321 1938 amplo
352 1882 519 1938 praeter
546 1879 665 1937 plura
694 1879 776 1921 alia
807 1878 962 1937 scripta
992 1877 1225 1934 (Prudentii
1254 1874 1541 1936 ψυχομαχίαν
1571 1892 1606 1923 c.
1638 1877 1784 1933 schol„
1814 1877 2017 1924 Velledini
2033 1879 2222 1938 physica,
2250 1879 2454 1923 Matthaei
2467 1879 2569 1926 Vin-

189 1946 425 1989 docinensis
463 1946 677 1988 historiam
708 1945 876 1987 Tobiae
904 1949 1033 1987 metro
1064 1943 1251 2002 elegiaco
1291 1945 1583 2002 compositam)
1621 1945 1840 1987 Horatii
1877 1945 2162 2003 Epistulas
2202 1948 2384 1989 continet
2411 1960 2569 2001 omnes,

188 2020 360 2071 excepta
387 2014 493 2055 Arte
522 2019 652 2070 poet.,
682 2013 724 2054 in
753 2016 812 2055 00
839 2013 955 2054 soliis
986 2013 1106 2069 plane
1137 2018 1179 2054 et
1208 2010 1381 2053 dilucide
1411 2013 1589 2069 scriptas
1618 2012 1662 2054 in
1690 2012 1924 2055 membrana
1953 2013 2056 2056 satis
2087 2028 2232 2057 crassa
2261 2018 2303 2056 et
2329 2013 2434 2059 alba.
2490 2013 2569 2057 Li-

184 2097 289 2125 neae
321 2080 525 2138 stigmatis
555 2080 599 2122 in
628 2080 822 2123 foliorum
852 2078 1105 2135 marginibus
1138 2078 1327 2135 signatae
1355 2077 1399 2121 in
1428 2078 1604 2136 singulis
1634 2078 1804 2137 paginis·
1830 2094 1856 2122 a
1883 2078 1957 2124 fol.
1987 2080 2058 2125 18.
2088 2095 2237 2124 averso
2251 2080 2568 2137 fena—87,

186 2147 330 2192 eodem
369 2160 447 2205 quo
486 2159 635 2189 versus
677 2146 821 2205 scripti
851 2149 961 2200 suut,
993 2149 1220 2188 atramento
1252 2143 1395 2186 ductae
1425 2158 1584 2202 unaque
1611 2145 1721 2188 linea
1749 2145 2077 2205 perpendiculari
2099 2147 2303 2205 utrimque
2329 2147 2569 2191 terminatae

183 2217 292 2258 intra
322 2229 422 2272 quas
451 2228 602 2256 versus
631 2226 715 2256 non
745 2218 859 2256 certo
888 2226 1076 2267 numero,
1108 2212 1278 2254 scholiis
1308 2212 1608 2270 copiosissimis
1631 2214 1895 2268 intermixtis,
1926 2219 1970 2255 nt
1999 2214 2152 2271 singuli
2180 2215 2232 2256 ad
2262 2229 2454 2258 summum
2481 2220 2566 2259 ter·

186 2284 281 2325 tiam
311 2296 505 2340 quamque
534 2282 683 2324 lineam
715 2285 941 2340 occupent,
979 2279 1179 2323 interdum
1207 2280 1328 2339 pauci
1355 2279 1474 2323 modo
1504 2280 1548 2323 in
1579 2280 1762 2339 singulis
1783 2281 1948 2339 paginis
1979 2286 2155 2325 exstent.
2211 2282 2402 2327 Litterae
2430 2284 2567 2329 initia-

186 2350 249 2393 les
280 2351 323 2392 in
351 2350 556 2408 prioribus
596 2348 737 2391 decem
766 2347 969 2408 Epistolis
990 2348 1114 2401 minio
1131 2348 1281 2407 pictae,
1310 2348 1352 2390 in
1383 2347 1551 2405 reliquis
1581 2348 1741 2391 omnino
1772 2347 1931 2391 desunt.
1991 2348 2134 2392 Titulo
2153 2349 2259 2393 liber
2273 2356 2402 2407 caret,
2430 2351 2567 2396 inline

183 2419 286 2459 haec
306 2417 560 2475 subscripta:
592 2419 676 2469 Qut·
687 2425 733 2459 te
740 2418 948 2459 scribebat
962 2417 1231 2458 Hemonam
1243 2431 1389 2458 nomen
1403 2417 1596 2459 habebat.
1652 2417 1779 2459 Liber
1796 2420 1840 2459 in
1857 2431 1961 2459 novo
1977 2421 2240 2461 monaterio.
2271 2419 2362 2462 Nec
2378 2419 2566 2477 singulae

183 2484 398 2543 Epistolae
435 2485 562 2527 titulis
594 2486 844 2540 instructae,
877 2483 952 2527 sed
991 2484 1242 2540 argumentis
1271 2483 1537 2542 plenioribus.
1598 2482 1771 2527 Omnino
1810 2483 1980 2542 glossae
2018 2489 2059 2528 et
2097 2485 2253 2529 scholia
2289 2486 2398 2530 inter
2433 2477 2565 2532 lineas

184 2557 227 2593 et
256 2552 307 2593 ad
335 2552 545 2610 margines
574 2566 651 2611 per
679 2556 804 2594 totum
842 2551 988 2593 librum
1015 2551 1251 2608 largissima
1277 2551 1437 2610 plenum
1467 2552 1584 2607 quasi
1611 2552 1940 2593 commentarium
1969 2550 2021 2594 ad
2048 2551 2260 2611 Epistulas
2299 2553 2485 2597 efficimt
2514 2569 2563 2598 eo
2593 2608 2596 2611 Α

181 2618 318 2677 pluris
348 2619 589 2673 habendum,
632 2619 735 2676 quod
765 2633 898 2676 neque
928 2633 982 2661 ex
1010 2617 1191 2661 Acronis
1222 2623 1265 2661 et
1291 2618 1596 2676 Porphyrionis
1622 2620 1918 2662 commentariis
1950 2624 2168 2678 excerptus
2194 2620 2263 2663 vel
2286 2623 2562 2681 conscriptus,

185 2685 265 2728 sed
292 2686 500 2728 nonnullis
540 2688 723 2743 partibus
753 2687 881 2730 multo.
906 2686 990 2729 illis
1021 2686 1243 2743 copiosior,
1272 2700 1350 2729 nec
1379 2684 1655 2743 philologicae
1686 2686 1983 2730 ethistoricae
2012 2681 2223 2730 doctrinae
2252 2688 2383 2747 copiis
2414 2703 2562 2733 carens

180 2751 351 2811 propria
388 2751 512 2794 multa
550 2752 674 2795 affert
709 2752 1094 2811 nondum-vulgata
1124 2758 1165 2795 et
1193 2756 1398 2795 auctorem
1437 2752 1574 2811 prodit
1601 2752 1913 2796 Grammaticnm
1942 2753 2129 2811 aliquem,
2161 2754 2342 2812 quisquis
2371 2755 2440 2798 ille
2469 2755 2562 2812 fuit,

181 2820 285 2863 satis
314 2833 391 2878 pro
420 2818 493 2862 illa
522 2818 678 2877 quidem
708 2820 1068 2874 aetate-eruditum
1098 2834 1145 2864 ac
1175 2820 1428 2879 diligentem,
1457 2824 1502 2863 nt
1528 2820 1622 2863 huic
1650 2822 1940 2865 commentario
1967 2821 2083 2865 locus
2113 2821 2257 2880 aliquis
2273 2823 2383 2866 inter
2394 2827 2560 2869 veteres

179 2886 418 2930 tribuendus
458 2900 557 2930 esse
594 2887 803 2945 videatur,
833 2890 930 2933 licet
957 2889 1061 2933 mira
1089 2888 1289 2932 interdum
1318 2892 1543 2932 commenta
1572 2888 1735 2934 afferat.
1744 2889 1782 2942 ⁸)
1810 2888 1928 2933 Haec
1958 2890 2116 2933 scholia
2152 2890 2295 2933 eadem
2324 2903 2443 2936 manu
2482 2905 2561 2950 qna

270 2999 312 3042 3)
336 2998 392 3033 Ex
416 2998 468 3033 his
492 2998 631 3033 scholiis
662 3001 823 3035 nonnulla
848 3006 1013 3046 excerpta
1046 3002 1143 3044 quasi
1168 3012 1232 3047 pro
1256 3001 1466 3037 documento
1490 3000 1543 3036 bic
1567 3000 1730 3035 exhibere
1755 3002 1877 3045 placet.
1901 3002 1969 3046 Ep.
1994 3002 2022 3042 1.
2046 3004 2078 3045 1,
2101 3004 2157 3036 54.
2182 2987 2559 3045 Haase-nummu}

337 3055 383 3089 ab
406 3054 474 3088 imo
492 3054 678 3100 prodocet.-
708 3053 817 3090 Janns
847 3057 879 3092 in
911 3051 1001 3092 ioro'
1021 3051 1092 3091 tres
1124 3055 1241 3092 habuit
1273 3056 1438 3100 'statuens
1457 3057 1501 3092 ad
1534 3057 1676 3102 primam
1708 3056 1856 3092 dabatur
1889 3056 2104 3102 pecunia-ad
2127 3055 2277 3103 neuram,
2300 3057 2346 3093 ad
2369 3054 2558 3100 secundam

336 3110 557 3154 reddebatur,
590 3111 636 3146 ad
667 3112 804 3147 tertiam
836 3110 1110 3149 verberabantur
1139 3113 1314 3149 debitores
1346 3114 1613 3158 qni'pecuntam
1643 3111 1791 3151 reddere
1820 3122 1889 3149 ιισιι
1908 3106 2085 3160 poteraut.
2112 3107 2466 3151 vestutate-sunna
2485 3110 2560 3152 'tria

339 3168 479 3213 templa,
503 3177 606 3202 unum
629 3167 790 3212 iamenu
815 3168 892 3212 fori,
916 3170 1062 3204 alterum
1086 3168 1129 3203 ἤι’
1144 3169 1276 3213 medio,
1294 3171 1432 3205 tentem
1456 3170 1616 3204 intexit..
1632 3190 1636 3194 ‹
1652 3168 1729 3204 Ne}
1752 3169 1871 3205 enters
1891 3170 2001 3204 Jonas
2025 3173 2099 3204 erat
2123 3169 2211 3204 dene
2231 3170 2310 3204 enni
2331 3172 2498 3217 temperis
2518 3176 2559 3208 'et

337 3223 415 3257 diei.
439 3223 523 3258 dicit
546 3229 632 3267 'ergo
655 3224 838 3261 &manos
861 3226 894 3260 in
918 3227 1064 3269 pecnnia
1087 3225 1296 3268 acquirend·
1317 3227 1501 3264 studioses.
1517 3227 1666 3279 aprima
1688 3227 1745 3263 die
1765 3228 1846 3263 anni
1868 3236 1976 3270 usque
1999 3227 2044 3262 ed
2066 3226 2234 3276 nltimam.
2258 3231 2296 3263 et
2317 3225 2386 3264 boc
2408 3234 2462 3264 est
2482 3229 2555 3264 Ja-
