2737 3600
179 315 252 371 (b,
282 313 333 370 d,
361 313 407 369 f,
436 313 487 367 h,
516 312 556 367 l,
585 326 637 370 p,
668 324 717 366 q,
746 308 794 362 s)
837 322 921 352 non
960 309 1070 353 ultra
1105 309 1269 353 tertiam
1310 307 1578 367 longitudinis
1607 313 1765 367 partem
1793 311 1861 355 vel
1887 325 2015 371 supra
2041 311 2110 355 vel
2135 311 2249 355 infra
2274 312 2424 358 lineam
2461 328 2558 374 por.

176 384 332 438 rectis,
372 386 414 425 et
450 381 544 438 ipsa
581 391 722 422 earum
757 377 893 436 figura
932 377 1088 422 saeculi
1125 376 1226 422 XII.
1264 377 1441 422 indolem
1479 375 1633 435 (qualis
1671 379 1718 423 in
1744 376 1888 424 Berol.
1934 382 1987 436 1,
2028 378 2183 425 Dresd.
2220 380 2261 424 1.
2289 378 2414 440 Lips.
2442 383 2488 439 8,
2519 397 2559 428 a.

178 450 334 498 Monac
349 451 490 494 lutet
503 446 555 503 ὃ)
585 444 982 507 ιιιιιιίῐοεῐο,1)ι·οᾱίι.
1011 445 1297 490 Atramentum
1323 446 1368 489 in
1389 444 1491 488 odis
1523 448 1565 487 et
1581 443 1743 504 Epodis
1776 447 1881 489 satis
1913 448 2092 507 nigrum,
2119 461 2145 490 a
2175 446 2335 490 1⁶01..oe
2363 450 2557 503 (amedia

176 524 292 580 parte
306 518 426 560 Artis
451 515 588 574 poet.)
618 516 662 558 in
689 514 892 573 Epistolis
921 518 964 557 et
978 512 1246 558 Semonibus
1275 513 1482 573 pallidius,
1511 528 1598 557 non
1624 513 1800 569 fuscum,
1831 514 1914 558 sed⁴
1937 530 2080 559 canum
2105 516 2238 574 magis
2267 520 2309 559 et
2336 516 2556 561 subviride.

178 612 230 623 -
260 585 343 630 Hic
372 582 507 628 codex
535 582 645 627 haud
671 598 803 643 panca
828 582 951 626 habet
980 582 1137 626 scholia
1165 581 1219 625 ad
1246 582 1473 641 marginem
1502 579 1768 625 subtilissime
1787 582 1958 641 scripta,
1987 584 2207 644 praecipue
2223 582 2429 628 adArtem
2441 588 2555 644 poet.

175 660 217 700 et
243 652 485 715 Epistolas,
522 652 721 710 pauciora
758 651 810 695 ad
836 651 995 710 Lyrica
1023 655 1066 694 et
1094 649 1281 704 Satiras3
1320 650 1491 708 glossas
1519 650 1630 692 inter
1656 649 1789 693 lineas
1818 649 1989 707 ubique,
2020 666 2123 709 quae
2153 667 2241 695 cum
2269 652 2436 695 scholiis
2464 652 2556 695 fere

176 737 318 767 omnes
358 719 500 763 eadem
529 734 651 762 manu
682 720 901 777 eodemque
931 724 1173 774 atramento,
1202 732 1280 776 quo
1310 722 1472 772 textus,
1504 719 1683 776 scriptae
1712 731 1810 761 esse
1837 716 2040 761 videntur.
2097 720 2306 764 Pauciora
2331 718 2488 763 scholia
2515 723 2558 763 et

175 790 347 849 glossae
377 801 401 830 a
429 787 668 846 posteriore
698 801 833 843 manu,
864 787 939 831 sed
966 787 1145 846 proximi
1173 791 1309 830 tamen
1338 784 1509 840 saeculi,
1540 783 1718 839 additae,
1745 784 1839 843 ipso
1856 789 2081 828 atramento
2112 786 2319 829 differunt.
2377 786 2556 829 Tituli

175 852 360 901 oinnibus
401 855 563 912 eclogis
603 855 724 897 inditi
760 856 937 909 breves,
979 854 1120 898 eadem
1158 869 1277 898 manu
1318 868 1397 910 qua
1423 857 1578 908 textus,
1607 852 1829 909 majoribus
1857 851 2008 894 litteris
2039 854 2199 911 scripti,
2228 854 2339 896 velut
2364 853 2387 896 1
2415 853 2492 898 od.
2519 852 2555 896 1.

173 924 445 981 Fragmafice
491 925 725 965 monocoloe
770 925 1084 979 monostrophos
1120 924 1181 965 ad
1208 923 1482 965 Meccnatem.
1520 921 1564 965 2.
1592 921 1834 962 Pronnaea
1862 920 2018 961 dicolos
2045 923 2352 977 tetrastrophos
2378 923 2438 965 ad
2463 923 2554 964 Au-

171 998 360 1050 gustum·
389 991 431 1032 3.
452 990 698 1032 Βοιωτίου
726 991 884 1032 dicolos
912 992 1148 1047 distr-ephon
1176 993 1220 1032 in
1246 1003 1394 1032 nauem
1425 989 1599 1044 Virgilii.
1655 987 1706 1030 In
1735 986 1974 1030 Sermonum
2000 986 2141 1029 libris:
2172 990 2248 1030 Aa
2272 990 2430 1033 Iulium
2456 992 2555 1033 1³10-

170 1075 292 1110 ηιηις
336 1061 395 1101 ad
428 1059 714 1114 Torquatum,⁸
742 1060 801 1100 ad
830 1059 1066 1100 Numicium
1096 1065 1177 1101 etc.
1206 1080 1264 1091 —-
1292 1056 1448 1114 Sigla
1477 1060 1528 1099 et
1556 1054 1862 1114 compendia
1891 1054 2203 1112 scripturae
2230 1055 2338 1100 haud
2364 1057 2488 1102 multa
2516 1062 2558 1101 et

169 1128 243 1174 illo
283 1140 389 1171 aevo
425 1127 589 1170 usitata.
621 1138 677 1168 ae
708 1124 835 1183 dipht.
872 1124 981 1168 haud
1017 1126 1256 1182 infrequens
1295 1124 1420 1180 (irae,
1451 1123 1604 1178 horae,
1621 1122 1813 1178 Lamiae,
1845 1120 2072 1176 Camenae)
2101 1136 2139 1165 ae
2167 1123 2305 1168 rarius
2335 1126 2553 1184 (quaestae,

170 1198 301 1249 meae)
341 1193 415 1237 sed
443 1207 519 1251 per
548 1207 577 1256 ς
605 1192 673 1233 vel
701 1206 725 1233 e
756 1192 930 1249 simplex
957 1192 1211 1248 frequentius
1242 1191 1393 1255 (ᾗσι-ρ,
1430 1190 1620 1243 hedere).
1659 1204 1718 1232 oe
1749 1195 1791 1231 et
1819 1205 1843 1232 e
1871 1193 2103 1249 promiscue
2147 1190 2313 1245 (bedas,
2344 1195 2505 1248 coetus)
2537 1208 2556 1235 ι

173 1263 348 1322 simplex
383 1261 528 1317 ubique
566 1261 671 1312 (non
701 1254 721 1300 ί
747 1258 816 1300 vel
842 1258 880 1313 i)
925 1257 1000 1302 sed
1030 1257 1178 1316 duplex
1206 1258 1223 1299 i
1252 1261 1422 1300 accentu
1462 1271 1588 1316 saepe
1616 1262 1821 1313 notatum,
1860 1263 1905 1300 ut
1933 1258 1983 1301 ab
2012 1273 2038 1300 u
2062 1257 2205 1301 littera
2233 1256 2556 1317 distingueretur

171 1329 289 1388 (diis,
317 1327 408 1384 otis,
437 1325 621 1387 imperii)
650 1326 718 1385 qui
735 1339 824 1369 mos
848 1326 934 1384 jam
964 1324 1169 1371 saec.XI.
1197 1325 1390 1384 usurpari
1419 1326 1567 1384 coepit.
1598 1324 1657 1381 ὦ,
1687 1338 1701 1371 ²
1729 1339 1805 1384 pro
1836 1330 1893 1381 et,
1925 1327 2089 1384 antiquo
2113 1340 2205 1370 usu.
2233 1327 2268 1372 ἲ
2294 1340 2371 1386 pro
2403 1332 2484 1383 est,
2512 1328 2557 1372 in

169 1403 299 1451 textu,
329 1396 517 1452 antique3
549 1403 626 1440 νῖν
654 1407 731 1451 pro
762 1397 848 1435 est
874 1393 992 1435 modo
1023 1394 1068 1435 in
1096 1394 1254 1449 glossis
1285 1398 1328 1435 et
1357 1394 1552 1445 scholiis3
1581 1396 1612 1435 9
1638 1406 1714 1450 pro
1745 1407 1854 1446 con,
1883 1394 2036 1447 rarius,
2068 1386 2174 1450 quod
2195 1395 2382 1452 sequenti
2400 1394 2556 1439 demum

172 1463 337 1509 saeculo
367 1463 413 1506 in
435 1475 559 1505 usum
589 1461 720 1505 venit.
777 1458 992 1518 Singulari
1020 1459 1191 1517 quodam
1218 1459 1339 1518 hujus
1371 1458 1525 1503 saeculi
1553 1458 1651 1503 ΧΠ.
1681 1473 1759 1503 usu
1803 1461 1944 1517 (quem
1983 1458 2091 1520 apud
2116 1459 2276 1506 Mabill.
2307 1464 2351 1505 et
2375 1459 2555 1505 Benedi-

171 1533 307 1576 ctinos
337 1534 521 1574 notatum
539 1542 603 1571 me
620 1528 808 1570 invenire
825 1541 912 1570 non
932 1527 1112 1582 memini)
1141 1541 1400 1570 numerorum
1412 1527 1534 1585 signa
1548 1540 1624 1587 pro
1633 1526 1783 1569 litteris
1794 1528 1950 1586 passim
1969 1528 2109 1570 verbis
2127 1529 2309 1571 immixta
2318 1529 2472 1587 reperi,
2487 1533 2553 1572 ut:

169 1600 351 1655 „circa
389 1597 570 1639 lustra
597 1596 665 1637 x“
703 1595 799 1653 (pro
845 1593 1042 1648 decem)
1085 1598 1169 1649 „et
1197 1607 1221 1635 c
1263 1595 1460 1649 (centum)
1497 1608 1630 1652 puer
1669 1595 1892 1637 artium“
1929 1595 2143 1649 (similiter
2170 1596 2215 1639 in
2241 1596 2470 1639 Dessav.
2509 1599 2554 1642 8.

166 1665 322 1710 Dresd.
354 1665 421 1719 1.)
452 1664 576 1707 etiam
603 1662 734 1705 verba
761 1662 911 1705 litteris
941 1661 1168 1705 uncialibus
1200 1662 1354 1721 scripta
1381 1662 1538 1721 passim
1566 1662 1610 1705 in
1638 1665 1753 1705 textu
1780 1661 1988 1719 leguntur,
2018 1663 2251 1723 praecipue
2266 1663 2431 1708 nomina
2457 1678 2553 1724 pro-

168 1734 289 1795 pria,
320 1731 543 1786 CESAR,
573 1728 919 1784 AVGVSTVS,
947 1728 1242 1773 MEGENAS.
1273 1754 1327 1763 -
1355 1729 1730 1788 Interpuuctio
1762 1729 1958 1788 simplex;
2001 1735 2190 1788 punctum
2217 1731 2450 1790 plerumque
2477 1746 2553 1791 pro

170 1802 281 1845 omni
334 1800 621 1850 distinctione3
671 1797 794 1840 colon
837 1802 880 1840 et
917 1797 1141 1840 semicolon
1185 1798 1261 1851 (ς)
1297 1797 1448 1840 rarius.
1498 1795 1784 1855 interrogandi
1825 1796 1905 1840 hoc
1949 1798 2109 1855 signum
2148 1798 2232 1854 (ξ).
2292 1797 2461 1843 Comma
2487 1800 2553 1854 (,)

167 1869 226 1912 ἰιιΔ
252 1867 429 1910 vestutis
470 1878 569 1908 mss.
607 1868 702 1907 ante
744 1877 854 1906 saec.
884 1862 1002 1908 XVI.
1031 1877 1227 1921 nusquam
1265 1863 1473 1922 reperitur
1503 1887 1556 1896 -
1600 1863 2013 1923 Orthographia
2043 1864 2246 1921 antiquum
2278 1879 2431 1909 morem
2458 1879 2553 1925 par-

168 1937 239 1978 tim
265 1935 440 1987 retinet,
478 1931 625 1991 partim
665 1931 715 1973 ab
746 1945 797 1973 eo
827 1929 1003 1973 recedit:
1050 1929 1303 1990 Juppiter
1331 1930 1602 1989 (plerumque)
1630 1929 1908 1985 Mecenas,
1937 1929 2176 1986 Bachus,
2205 1931 2389 1988 Adria,
2417 1932 2553 1993 Apu·
2634 1931 2648 1941 ⁹

163 2002 271 2058 lus,
301 1999 539 2054 Salusti,
577 1998 744 2054 milia,
776 2012 951 2053 sucus,
981 1997 1161 2052 belua,
1199 1998 1382 2056 pelex,
1421 1997 1557 2042 litus
1597 1997 1832 2052 (littora)
1865 1996 2134 2054 jocundus
2163 1999 2226 2054 (in
2247 1998 2413 2059 'Epodis
2441 2000 2554 2056 fere)
2577 2017 2588 2025 ·

163 2067 425 2122 Kalende,
455 2066 723 2123 Kartago,
751 2070 1029 2124 temptare,
1060 2069 1316 2123 comptus,
1344 2071 1648 2124 promptus,
1679 2069 1882 2123 emptus
1911 2064 2013 2119 (sed
2041 2064 2236 2122 damna,
2252 2066 2553 2122 damnatus)

163 2138 378 2191 iniciat,
409 2134 632 2188 adiciat,
661 2133 893 2186 obiciet3
925 2132 1001 2175 sed
1029 2132 1176 2175 etiami
1206 2146 1439 2190 unquam,
1468 2146 1746 2190 nunquam,
1777 2131 2036 2189 quicquid,
2064 2134 2407 2192 nequicquam
2434 2138 2552 2190 (raro

164 2204 498 2262 nequiquam)
514 2213 733 2258 cunque,
750 2204 937 2243 arctus
953 2203 1034 2246 etc.
1050 2199 1639 2259 Terminatioiniivulgaris,
1660 2204 1704 2243 ut
1718 2199 1810 2255 dii,
1832 2199 1932 2243 otii
1951 2199 2064 2264 ,imp
2077 2201 2367 2258 erii,Attii,
2382 2202 2550 2246 Livii.

165 2271 409 2315 Accusativi
446 2270 552 2329 plur.
580 2268 729 2310 tertiae
767 2266 870 2309 decl.
900 2268 943 2309 in
972 2268 1019 2310 is
1049 2268 1140 2310 fere
1169 2282 1381 2325 nusquam,
1427 2281 1589 2326 semper
1603 2268 1659 2309 ·in
1688 2281 1758 2310 es.
1789 2291 1846 2300 —
1880 2266 1999 2310 Rara
2036 2269 2274 2325 ceteroquin
2311 2270 2551 2328 scriptionis

165 2343 208 2381 et
245 2337 438 2382 lectionis
480 2337 639 2396 puritas
682 2339 725 2377 et
760 2335 981 2392 integritas
1021 2334 1182 2378 doctum
1220 2349 1269 2378 ac
1297 2335 1534 2393 diligentem
1573 2334 1748 2378 scribam
1789 2333 1940 2393 prodit.
1996 2334 2203 2379 Nonnulla
2233 2336 2332 2379 vitia
2358 2350 2443 2381 non
2470 2341 2552 2381 tam

161 2407 323 2466 ipsius,
363 2418 481 2463 quam
518 2403 666 2447 aetatis
709 2406 828 2457 sunt,
864 2406 910 2445 ut
946 2406 1147 2462 perpetua
1184 2402 1410 2447 litterarum
1438 2403 1454 2446 i
1484 2407 1526 2446 et
1551 2416 1583 2461 y
1611 2402 1866 2446 commutatio
1903 2401 2105 2461 (Lyde,
2133 2402 2288 2459 Lide,
2315 2402 2551 2461 Libicis,

163 2474 410 2530 cythara,
441 2472 616 2529 tybia,
645 2470 853 2528 nimpha
881 2469 1003 2524 etc.):
1033 2471 1062 2511 h
1091 2475 1243 2513 temere
1272 2470 1448 2518 additum
1477 2470 1544 2512 vel
1573 2470 1786 2512 omissum:
1816 2470 2101 2525 (horchus,
2130 2471 2302 2537 holus,
2331 2472 2550 2527 harena,

164 2539 471 2594 archanum,
502 2542 677 2593 carta,
718 2540 994 2592 coturnus,
1025 2538 1337 2593 stomacus):
1368 2551 1392 2580 c
1419 2550 1496 2596 pro
1520 2540 1538 2578 t
1563 2536 1760 2594 frequens
1789 2536 2028 2593 (vicium,
2068 2537 2310 2594 Lacium,
2349 2538 2550 2597 gracia,

164 2607 447 2664 quociens,
487 2606 779 2658 amicicia):
818 2605 1098 2646 inconstantia
1132 2605 1176 2647 in
1204 2605 1353 2647 litteris
1394 2604 1742 2647 coalescentibus:
1782 2604 2033 2660 inbellis,
2062 2606 2287 2664 inpune,
2325 2607 2550 2661 inmitis,

162 2675 439 2733 inpotens,
469 2673 761 2730 imperium,
790 2671 1003 2730 impono
1034 2672 1135 2724 ect.)
1193 2669 1400 2723 Quaedam
1428 2675 1562 2715 tamen
1590 2670 1772 2721 codicem
1799 2672 1843 2716 in
1864 2671 1985 2716 Italia
2013 2672 2208 2731 scriptum
2235 2673 2328 2718 fere
2356 2677 2550 2731 arguunt,

160 2745 207 2784 ut
231 2742 434 2794 bacco,
472 2740 646 2794 michi,
684 2739 859 2783 nichil
886 2738 973 2793 (sic
1013 2739 1210 2797 semper).
1239 2740 1292 2773 —'
1333 2738 1558 2797 Diligentis
1598 2743 1641 2781 et
1676 2738 1810 2782 critici
1851 2738 2011 2783 librarii
2046 2755 2185 2784 curam
2213 2740 2336 2784 etiam
2362 2739 2550 2784 variae

160 2809 440 2853 lectiones
476 2805 654 2865 produnt
690 2821 745 2849 ex
782 2806 874 2850 aliis
914 2804 1120 2849 codicibus
1161 2806 1319 2852 collatis
1361 2807 1622 2867 depromptae
1659 2811 1703 2852 et
1729 2807 1774 2851 in
1813 2807 1991 2866 singuHs
2020 2808 2191 2852 vocibus
2219 2807 2376 2867 passim
2404 2821 2548 2868 super-

164 2877 346 2935 scriptae
360 2909 374 2931 ,
421 2889 526 2933 quae
554 2873 790 2933 plerumque
819 2872 989 2918 eandem
1017 2887 1133 2931 quam
1161 2878 1298 2920 textus
1327 2889 1488 2920 manum
1515 2873 1709 2935 produnt,
1741 2875 1878 2919 rarius
1908 2879 2043 2919 tamen
2070 2875 2356 2919 recentiorem.
2387 2897 2443 2909 ·-
2471 2875 2543 2919 Ex

163 2944 286 3003 hujus
324 2942 480 2988 codicis
518 2941 766 2985 lectionibus
804 2940 1020 2984 nonnullas
1051 2941 1172 2985 modo
1200 2943 1386 3003 potiores
1417 2943 1605 2998 afferam,
1633 2947 1680 2985 ut
1707 2947 1858 3000 quanta
1885 2944 2008 2985 etiam
2034 2943 2079 2985 in
2103 2943 2223 2985 librIs
2251 2943 2396 2985 msstis
2422 2942 2550 2986 lateat

165 3013 299 3056 bonae
327 3012 478 3055 messis
509 3009 563 3053 ad
590 3005 744 3068 κρίσιν
771 3009 906 3068 copia,
934 3009 1004 3052 vel
1029 3010 1122 3053 hinc
1150 3012 1415 3071 intelligatur.
1443 3010 1467 3055 1
1494 3008 1573 3056 od.
1603 3013 1676 3066 10,
1703 3012 1749 3055 8.
1778 3010 1968 3054 formasti
1996 3014 2049 3053 et
2075 3014 2206 3056 catus.
2234 3011 2306 3066 15,
2334 3012 2404 3055 18.
2460 3010 2547 3056 Ne-

163 3080 372 3138 quicquam
399 3084 451 3123 et
477 3077 736 3125 Veneris.
763 3076 823 3122 11.
851 3075 929 3121 od.
958 3078 1004 3132 8,
1033 3080 1102 3121 11.
1132 3092 1331 3137 quoque
1361 3080 1537 3138 obliquo.
1565 3081 1612 3135 9,
1641 3081 1713 3124 22.
1741 3078 1889 3123 tollere
1916 3077 2177 3125 vertices.
2205 3080 2278 3135 lo,
2308 3080 2379 3125 12.
2407 3083 2549 3139 sperat

162 3146 430 3191 adversis.
453 3150 524 3201 lo,
552 3149 597 3193 8.
612 3144 797 3190 condidit
813 3144 1001 3189 lumen.
1021 3146 1093 3200 17,
1123 3145 1827 3202 19.letalishorae.111.0d.18,
1857 3145 2379 3205 12.cumbovepardus.
2412 3148 2546 3203 221.

160 3228 330 3260 moveas
360 3214 576 3259 tumultu
607 3212 944 3270 (etiaminlaeid.
973 3217 1119 3257 nostro
1149 3227 1189 3257 v.
1209 3213 1323 3268 lect.)
1351 3215 1424 3270 2⁰,
1452 3213 1611 3261 mdiu
1638 3214 1794 3273 regis
1827 3211 2258 3274 Cypmlvmus,
2284 3215 2357 3259 42.
2386 3213 2544 3260 durus
