2737 3600
1380 148 1412 197 5

213 288 302 329 sine
341 300 466 333 usura
503 287 636 345 aliqua
667 289 807 344 justae
845 286 1040 329 librorum
1078 298 1178 328 mss.
1217 284 1512 327 aestimationis
1543 296 1597 326 ex
1623 287 1816 325 accurata
1846 296 1992 327 eorum
2032 283 2270 341 cognitione
2299 282 2514 340 profectae
2543 288 2584 326 et

211 355 341 413 palam
369 355 503 398 factae
533 369 607 398 eos
639 368 686 397 se
716 368 742 396 a
769 353 889 395 nobis
918 353 1131 411 recepisse
1159 350 1406 411 intelligant.
1870 393 1876 396 ,

303 422 527 465 Librorum
542 426 762 464 msctorum
779 419 941 477 sylloge
957 434 982 461 a
997 420 1117 462 nobis
1135 424 1335 477 congesta
1358 434 1381 462 o
1394 423 1478 462 cto
1503 434 1524 462 s
1536 419 1838 463 aecnlorum
1859 421 2008 463 seriem
2023 435 2048 463 a
2070 434 2207 463 nono
2238 417 2437 476 usquead
2456 431 2479 460 s
2493 430 2579 460 ex·

212 495 263 532 tu
275 505 311 533 m
331 490 530 534 decimu
542 503 581 532 ιιι
602 486 806 531 saeculum
826 486 1117 545 complectitur.
1145 486 1400 549 Bernensem
1416 486 1572 546 quidem
1585 502 1623 532 a.
1640 486 1732 532 cod.
1751 487 1905 532 saeculi
1918 486 1997 533 lx.
2017 488 2121 532 satis
2143 487 2193 531 ab
2212 487 2306 531 aliis
2320 487 2408 544 jam
2427 499 2580 530 excas·

213 573 300 601 sum
313 558 356 601 in
369 557 526 601 nostris
552 569 767 599 numerare
783 555 855 597 vix
869 554 981 611 licet,
1011 554 1087 599 sed
1106 555 1299 615 quaedam
1316 561 1448 600 tamen
1464 555 1592 599 adhuc
1605 556 1749 615 ignota
1762 554 1858 601 inde
1874 554 2107 600 afferemus.
2168 554 2200 599 S
2212 570 2269 599 ae
2280 554 2389 598 culi
2402 553 2463 599 X.
2481 557 2576 597 och

210 626 402 668 habemus
441 623 604 666 codices
646 622 841 678 collatos,
882 622 1179 680 Graevianum,
1208 624 1484 680 Leidensem,
1511 624 1821 679 Mentelianum,
1858 624 1897 666 d’
1902 623 2165 667 Orvillianum
2194 623 2246 678 1.‚
2278 623 2574 676 Turicensem,

209 692 512 744 Morellianum,
541 690 808 748 Lipsiensem
836 692 880 745 2,
908 691 1228 735 Dessaviensem
1254 692 1290 736 I.
1347 692 1659 737 SaeculiXI.
1679 693 1854 762 quinque
1875 691 2063 734 codices.
2092 688 2577 749 ΕἰρείοηεεωιΜοπιμ

209 775 358 804 censes
378 761 408 802 2
428 761 525 802 etl.
542 758 798 802 Beruensem
819 774 858 804 e.
889 764 931 802 et
958 758 1313 804 Zulichemiannm.
1342 786 1398 794 —
1438 760 1650 805 Saeculi
1677 760 1776 804 XII.
1805 776 1952 803 novem
1982 758 2167 803 codices.
2197 757 2514 802 Berolinensem
2541 755 2581 801 I.

207 826 473 885 Lipsiensem
501 827 546 881 8,
578 841 616 869 a.
643 824 919 869 Monacenses
950 829 990 870 1.
1006 830 1048 871 4.
1067 828 1109 871 5.
1138 827 1420 872 Dresdensem
1448 827 1483 871 1.
1511 827 1797 872 Basileensem
1814 829 1853 871 1.
1871 826 2174 870 Beruensemf.
2188 825 2576 870 Dessaviensemss.

211 916 264 926 ·-
295 891 507 936 Saeculi
533 859 652 936 ’xllL
692 897 860 952 quatuor
874 893 1060 938 codices:
1089 895 1414 939 Dessaviensem
1441 896 1484 937 2.
1513 894 1568 937 D’
1572 894 1835 938 Orvillianum
1862 896 1904 937 2.
1938 893 2242 942 Santenianum‚
2276 892 2506 936 Gudianum
2532 894 2576 936 2.

209 961 430 1003 Saeculi
458 960 574 1005 XIV.
613 966 698 1003 tres
719 962 905 1004 codices:
934 963 1198 1020 Lipsiensem
1207 966 1252 1017 8,
1273 965 1314 1005 Ιι.
1327 964 1612 1006 Basileensem
1623 965 1665 1004 2.
1683 961 1908 1005 Gudianum
1920 966 1960 1005 1.
1976 987 2028 993 —
2041 960 2364 1004 SaeculiXV.
2380 968 2575 1016 quatuor·

209 1027 338 1070 decim
367 1026 552 1071 codices:
585 1025 878 1087 Gottingenses
911 1033 952 1072 1.
979 1032 1020 1072 2.
1081 1027 1293 1073 Gethanos
1324 1033 1364 1073 1.
1393 1032 1437 1073 2.
1462 1031 1506 1072 3.
1534 1028 1799 1088 Lipsiensem
1827 1032 1869 1071 4.
1898 1026 2198 1071 Berolinenses
2226 1027 2270 1068 2.
2300 1027 2342 1068 8.
2368 1030 2412 1070 4.
2440 1025 2576 1071 Dres-

210 1095 360 1138 denses
397 1098 438 1138 2.
476 1098 518 1137 3.
560 1096 603 1136 5.
644 1095 925 1138 Basileensem
955 1099 997 1138 8.
1036 1096 1436 1142 Helmstadiensem..
1460 1122 1513 1129 -
1581 1095 1800 1138 Saeculi
1835 1095 1951 1140 XVI.
1990 1095 2173 1138 codicem
2210 1093 2496 1137 Dresdensem
2533 1097 2577 1137 4.

209 1163 437 1206 Praeterea
475 1164 718 1206 incertae
760 1165 958 1206 aetatis
999 1164 1191 1207 babemus
1231 1164 1470 1208 collationes
1506 1163 1597 1208 cod.
1637 1162 1906 1219 Corbejensis
1945 1169 1989 1206 et
2024 1161 2295 1207 Dresdenses
2326 1176 2366 1206 a.
2396 1162 2428 1206 f.
2457 1162 2487 1206 l.
2509 1162 2580 1209 'm-

209 1230 276 1273 Ex
313 1230 376 1273 his
416 1229 621 1274 codicibus
666 1231 850 1289 potiores
894 1230 1086 1273 habemus
1126 1235 1204 1272 tam
1242 1235 1411 1289 propter
1446 1231 1703 1273 librariorum
1731 1230 1775 1272 in
1818 1229 2035 1273 scribendo
2082 1243 2218 1273 curam
2267 1233 2311 1271 et
2351 1229 2581 1273 sollertiam

209 1313 323 1353 quam
367 1303 534 1354 propter
580 1303 830 1339 vetustorum
877 1297 1165 1353 exemplarium
1212 1298 1318 1339 unde
1355 1298 1581 1345 fluxerunt,
1631 1300 1945 1354 praestantiam,
1993 1303 2033 1338 et
2063 1299 2370 1352 antiquissimos
2419 1297 2580 1340 saeculi

205 1363 259 1411 X.
296 1364 449 1420 libros,
487 1363 612 1423 Lips.
650 1366 692 1408 2.
731 1362 926 1420 (omnium
964 1363 1376 1423 praestantissimum)
1413 1362 1594 1407 Dessav.
1621 1366 1679 1419 1.,
1707 1361 1860 1407 Graev.
1889 1361 2013 1407 Leid.
2031 1362 2178 1408 Tui-ic.
2209 1361 2309 1421 (sed
2332 1377 2422 1409 eum
2438 1362 2579 1425 paullo

205 1433 374 1475 minoris
403 1430 646 1484 habendum)
675 1429 857 1485 Morell.,
888 1434 930 1472 et
956 1431 1202 1489 posterioris
1233 1432 1381 1473 aetatis
1401 1430 1517 1474 codd.
1546 1430 1669 1488 Lips.
1701 1433 1742 1472 1.
1770 1432 1815 1484 3,
1845 1444 1883 1472 a.
1944 1431 2109 1473 Monac.
2141 1432 2504 1476 1.2.4.5.Basi1.
2537 1435 2577 1474 1.

118 1533 124 1537 .
204 1500 348 1544 Berol.
377 1502 418 1541 1.
452 1498 636 1555 Gotting.
667 1501 710 1543 1.
740 1497 863 1540 Goth.
891 1500 933 1541 2.
966 1522 1019 1531 -
1048 1498 1140 1540 Jam
1170 1498 1351 1541 codicum
1380 1503 1613 1541 nostrorum
1644 1497 1959 1555 descriptionem
1987 1499 2234 1555 promiscue,
2264 1498 2484 1543 secundum
2506 1499 2576 1542 lit·

205 1573 383 1610 terarum
413 1565 594 1609 ordinem
630 1565 911 1620 instituemus,
950 1570 991 1607 et
1028 1579 1082 1608 ex
1111 1565 1311 1622 singulis,
1353 1565 1470 1622 quasi
1506 1578 1580 1623 pro
1622 1564 1886 1620 documento,
1914 1565 2112 1608 lectiones
2140 1566 2371 1621 nonnullas,
2399 1564 2578 1611 nondun

208 1634 397 1690 cognitas
426 1633 661 1691 plerasque,
691 1647 744 1675 ex
773 1632 902 1690 copiis
932 1632 1088 1675 nostris
1118 1631 1323 1675 addemus.
1383 1630 1503 1689 sigla
1532 1636 1663 1675 autem
1691 1637 1733 1674 et
1762 1631 1998 1689 compendia
2014 1633 2254 1690 scripturae,
2286 1648 2388 1690 qnae
2402 1633 2578 1692 plurima

209 1705 317 1756 sunt,
347 1715 476 1759 pauca
504 1699 622 1744 modo
653 1704 695 1743 et
724 1699 877 1743 selecta
907 1698 1144 1755 afferemus,
1174 1714 1225 1743 ne
1241 1699 1513 1760 typographo
1543 1699 1705 1743 nimiam
1734 1713 1922 1783 paremus
1951 1698 2186 1743 molestiam.

321 1839 366 1891 1)
395 1838 601 1882 BDSJ.
623 1837 803 1880 Codex
820 1838 1169 1881 Basileensis
1188 1839 1550 1882 bibliothecae
1573 1838 1715 1882 acad.
1726 1840 1835 1896 sign.
1844 1839 1895 1880 F.
1910 1837 1984 1883 IV.
1997 1840 2067 1880 20.
2081 1838 2433 1892 membranaceus,
2442 1838 2579 1881 forma

206 1908 248 1947 8.
279 1906 373 1960 maj.
414 1903 610 1947 Continet
646 1909 691 1956 a)
720 1905 887 1948 Horatii
916 1921 1043 1962 opera
1072 1907 1220 1959 omnia,
1251 1907 1325 1949 fol.
1356 1910 1451 1948 1-
1465 1906 1537 1950 91.
1577 1892 1698 1949 Tum
1718 1907 1766 1957 b)
1791 1904 1954 1961 Virgilii
1974 1904 2212 1961 Georgicon
2231 1904 2364 1948 libros
2382 1910 2576 1962 quatuor,

206 1970 279 2015 fol.
308 1972 433 2014 93—
454 1972 553 2014 110.
580 1976 787 2031 postremo
818 1971 860 2027 c)
879 1970 1016 2014 Ovidii
1028 1970 1239 2031 Epistolas
1257 1986 1311 2015 ex
1327 1971 1481 2028 Ponto,
1510 1971 1582 2016 fol.
1614 1974 1767 2015 11⁹-
1783 1973 1881 2015 162.
1938 1970 2199 2014 Ininteriore
2214 1976 2334 2031 parte
2349 1970 2577 2031 tegumenti

205 2039 335 2097 lignei
362 2039 574 2097 incriptum
605 2045 689 2082 est.
720 2042 820 2092 „Es
847 2042 962 2082 libri·
975 2041 1248 2083 bibliothecae
1262 2043 1544 2084 Academicus
1557 2043 1815 2083 Basileenet’e
1830 2041 1955 2082 1550.
2014 2042 2202 2082 stetim
2216 2041 2436 2083 ducantur.
2451 2043 2574 2095 qubu-

206 2110 412 2165 quaginta
439 2108 580 2151 librar.
609 2109 789 2152 helvet.“
848 2106 979 2152 Codd.
1008 2106 1174 2152 Horatii
1202 2112 1245 2151 et
1268 2106 1440 2166 Virgilii
1469 2106 1709 2167 Georgicon
1736 2122 1820 2154 non
1835 2107 1975 2152 eadem
2005 2106 2162 2165 quidem
2189 2119 2307 2151 manu
2337 2106 2481 2166 scripti
2509 2107 2573 2151 vi-

206 2175 367 2229 dentur,
399 2174 474 2218 sed
502 2180 669 2232 uterque
697 2175 848 2231 nitide,
885 2175 1003 2233 plane
1033 2180 1076 2217 et
1103 2180 1292 2218 accurate
1322 2176 1499 2233 scriptus
1530 2175 1694 2219 saeculo
1723 2175 1821 2223 XII.
1853 2176 1942 2218 sine
1971 2175 2091 2235 dubio
2120 2174 2424 2229 attribuendus,
2454 2175 2573 2231 cujus

206 2248 331 2286 totam
366 2242 541 2286 indolem
580 2244 808 2287 certissime
844 2242 992 2302 prodit.
1052 2241 1190 2286 Ovidii
1215 2241 1494 2300 Epistolarum
1523 2242 1743 2288 cmc.
1773 2248 1944 2287 aetatem
1972 2242 2240 2303 posteriorem
2254 2255 2355 2299 prae
2373 2240 2576 2285 sefertet

206 2311 330 2354 certis
342 2309 505 2354 indiciis
517 2311 682 2354 saeculo
692 2310 811 2355 XIII.
822 2310 982 2354 videtur
992 2308 1281 2369 assignandus.
1296 2308 1339 2352 H
1348 2324 1372 2353 o
1384 2325 1408 2352 r
1418 2324 1443 2353 a
1452 2310 1515 2354 tii
1547 2325 1571 2353 o
1581 2325 1607 2370 p
1617 2325 1641 2353 e
1652 2326 1675 2353 r
1684 2319 1719 2353 a·
1726 2311 1770 2354 in
1782 2310 2011 2353 membrana
2021 2309 2122 2352 satis
2132 2307 2304 2352 candida
2313 2314 2357 2352 et
2364 2308 2577 2368 laevigata

206 2379 511 2423 accuratissime
541 2379 710 2442 scripta,
740 2379 817 2422 hoc
847 2378 1012 2423 ordine:
1043 2378 1267 2422 Odarum
1303 2377 1434 2421 libri
1461 2376 1537 2424 IV.
1597 2377 1820 2423 Carmen
1857 2393 1992 2422 saec.
2030 2376 2252 2435 Epodon
2285 2376 2439 2421 liber.
2466 2378 2573 2421 Ars

204 2449 343 2504 poet.
362 2444 728 2504 Epistolarum
756 2446 886 2489 libri
915 2445 1026 2489 duo.
1060 2444 1363 2489 Sermonum
1390 2445 1522 2489 libri
1550 2445 1661 2490 dno.
1692 2445 1920 2504 InLyricis
1940 2444 2214 2489 folianonnlla
2233 2445 2407 2488 confuse
2424 2444 2574 2503 ligata,

191 2526 371 2573 *quorum
388 2512 489 2556 ordo
507 2508 597 2555 e'st:
626 2512 722 2556 Fol.
752 2516 824 2559 10.
851 2516 922 2557 20.
953 2516 1022 2556 lo.
1052 2515 1120 2555 1⁶1.
1141 2515 1221 2555 18.
1250 2514 1321 2556 28.
1351 2514 1422 2556 24.
1449 2515 1520 2557 22.
1550 2516 1624 2559 21.
1651 2515 1724 2559 25.
1779 2513 1829 2557 Ιιι
1842 2513 2013 2569 Lyricis
2023 2512 2200 2570 paginae
2217 2512 2402 2570 duplices
2421 2513 2575 2556 colum-

203 2593 278 2623 nas
308 2578 459 2621 habent
473 2592 664 2621 versuum
679 2581 752 2624 88.
767 2580 812 2622 in
824 2579 999 2636 singulis
1013 2579 1209 2621 omnibus.
1238 2578 1401 2621 Lineae
1416 2583 1681 2622 transversae
1710 2593 1785 2638 per
1815 2573 1951 2622 omnes
1981 2579 2157 2637 paginas
2178 2579 2274 2622 stilo
2291 2578 2438 2621 ductae
2450 2579 2576 2623 lineis

203 2647 310 2691 binis
325 2645 725 2706 perpendicularibus
755 2647 1037 2701 terminantur,
1060 2646 1172 2689 intra
1201 2661 1301 2704 quas
1329 2646 1492 2691 litterae
1518 2646 1716 2703 initiales,
1744 2647 1787 2690 in
1814 2646 1983 2705 Lyricis
2013 2650 2056 2688 et
2079 2645 2187 2689 Arte
2215 2647 2381 2706 poetica
2394 2661 2485 2691 cnm
2500 2661 2574 2691 vo·

204 2715 319 2757 cibus
339 2713 426 2757 suis
455 2714 608 2756 arctius
632 2714 816 2770 junctae,
844 2714 889 2756 in
916 2712 1125 2770 Epistolis-
1156 2718 1200 2755 et
1235 2712 1503 2757 Sermonibus
1534 2715 1668 2773 spatio
1699 2715 1802 2757 satis
1839 2714 1920 2756 lato
1952 2718 2204 2771 segregatae
2235 2728 2261 2757 a
2289 2719 2417 2758 textu.
2474 2714 2572 2758 Lit-

203 2791 318 2826 terae
333 2774 589 2840 Eclogarum'
607 2781 786 2825 initiales
815 2780 961 2839 figuris
992 2778 1242 2838 quibusdam,
1271 2781 1490 2840 praecipue
1518 2782 1563 2825 in
1589 2781 1785 2826 librorum
1812 2781 1938 2825 initiis
1951 2814 1965 2835 ‚
1995 2781 2224 2826 animalium
2240 2782 2443 2840 imagines
2457 2782 2572 2826 refe-

202 2850 386 2895 rentibus
431 2849 559 2895 variis
603 2849 807 2895 coloribus
846 2847 972 2895 nitide
1000 2841 1160 2907 pictae,
1187 2847 1301 2893 velut
1326 2853 1421 2894 ante
1449 2847 1595 2893 Artem
1622 2856 1733 2910 poet.
1762 2854 1981 2894 monstrum
1996 2863 2022 2893 a
2035 2854 2162 2909 poeta
2188 2850 2327 2895 fictum
2358 2849 2573 2896 coloribus

204 2925 393 2963 accurate
408 2918 609 2977 depictum
624 2925 705 2973 est,
733 2918 852 2977 plane
879 2922 923 2961 ut
945 2918 992 2963 in
1005 2915 1310 2974 Vanderburgii
1338 2915 1428 2962 cod.
1458 2918 1527 2960 18.
1555 2916 1610 2960 P.
1669 2916 1846 2963 Ceterae
1875 2917 2053 2961 initiales
2071 2932 2213 2962 omnes
2238 2919 2366 2962 variis
2383 2913 2585 2978 pigmen?

203 2988 258 3031 tis
288 2991 476 3033 ornatae.
539 2985 676 3031 Etiam
713 2999 902 3031 versuum
938 2984 1117 3031 initiales
1146 2984 1371 3030 uncialibus
1402 2997 1635 3045 expressae
1660 2985 1899 3042 minoribus,
1928 2992 2084 3045 eaeque*
2125 2984 2360 3046 simplices,
2394 3001 2474 3031 nec
2503 3001 2576 3031 va-

202 3056 351 3111 riatae,
379 3069 458 3098 nec
488 3056 650 3113 crispae
678 3059 723 3097 et
748 3055 964 3114 implicitae
998 3053 1114 3097 ut‘in
1142 3052 1261 3096 cedd.
1289 3067 1401 3098 saec.
1426 3052 1549 3097 xm.
1573 3052 1691 3100 XIV.
1720 3053 1815 3101 XV.
1846 3054 2068 3113 plerisque,
2094 3054 2219 3097 minio
2242 3068 2387 3099 omnes
2407 3061 2576 3105 notatae

203 3124 440 3178 sungritem
467 3122 573 3166 tituli
599 3123 822 3180 maioribus
846 3122 998 3166 litteris
1018 3122 1174 3181 scripti.
1233 3120 1449 3181 Scriptura
1465 3121 1588 3179 hujus
1604 3121 1698 3167 cod-z·
1712 3127 1915 3178 accurata,
1945 3121 2185 3179 aequabilis,
2214 3123 2438 3182 explicata,
2466 3137 2576 3169 cou-

201 3189 364 3250 pendiis
402 3195 445 3235 et
483 3189 604 3249 siglis
633 3204 716 3236 non
735 3191 957 3248 frequens,
995 3190 1037 3235 in
1056 3189 1291 3237 limarum.
1317 3189 1450 3237 forma
1488 3188 1687 3248 simplici,
1715 3196 1830 3236 recta
1864 3196 1906 3237 et
1942 3188 2097 3246 nitida,
2126 3190 2361 3249 longiorum
2389 3191 2576 3238 ductibus
