2737 3600
1316 192 1386 240 66

157 337 239 387 est,
277 332 359 374 nisi
385 334 428 371 ut
464 329 508 370 in
537 326 745 371 codicibus
775 340 875 369 mss.
913 327 1022 368 inter
1053 340 1099 368 se
1130 325 1392 370 conferendis
1422 325 1615 385 vestigia·
1640 325 1680 368 si
1717 338 1794 383 qua
1824 329 2020 384 apparent
2059 326 2249 384 antiquae
2288 331 2546 387 cognationis

156 401 223 443 vel
252 405 447 441 externae
477 395 545 438 vel
572 396 760 439 internae
797 395 1035 452 diligentius
1076 409 1191 451 quam
1221 395 1350 438 adhuc
1380 395 1531 438 factum
1561 399 1649 448 est,
1679 406 1982 453 persequamur.
2044 393 2249 437 Extern
2262 408 2320 437 ae
2352 409 2543 454 cogna-

157 466 327 510 tionis
358 464 541 522 vestigia
569 463 636 506 vel
664 463 811 506 aetatis
844 461 934 505 dico
976 462 1042 505 vel
1071 467 1208 506 terrae
1237 463 1279 506 in
1311 476 1388 519 qua
1418 462 1562 521 scripti
1593 468 1710 517 sunt,
1757 475 1859 520 quae
1895 465 2064 519 utraque
2103 462 2209 505 ratio
2249 462 2356 505 haud
2391 476 2543 525 paucas

156 531 440 576 similitudines
470 545 559 574 cum
587 531 630 572 in
661 531 864 589 scriptura
893 535 934 571 et
963 530 1284 588 orthographiae
1313 529 1450 585 modo,
1479 534 1561 571 tum
1589 530 1632 572 in
1660 530 1753 589 ipsa
1781 534 1918 573 textus
1950 529 2239 573 constitutione
2270 529 2408 572 offert.
2469 530 2545 575 In-

154 608 353 643 ternam
384 600 762 656 cognationem
803 597 919 651 dico,
961 612 1063 654 quae
1102 598 1226 639 certis
1257 596 1420 639 indiciis
1451 597 1607 639 codicis
1638 597 1847 653 cujusdam
1887 602 1956 639 aut
1982 598 2160 656 plurium·
2183 612 2237 639 ex
2265 607 2346 639 uno
2377 599 2547 655 quodam

154 669 268 711 sonte
299 668 503 724 originem
532 665 692 724 prodit,
732 679 834 722 quae
864 663 1017 708 indicia
1057 663 1290 721 quaerenda
1327 670 1447 722 puto:
1488 664 1537 720 1)
1576 665 1630 707 in
1669 664 1791 721 ipso
1832 663 2048 719 ordine,
2090 679 2186 722 quo
2217 665 2348 707 libri
2377 665 2546 709 Hora-

156 736 291 778 tiani
321 734 522 792 scripti
552 738 701 777 suntx
740 745 857 790 quem
899 732 1019 778 alium
1049 730 1222 775 vidimus
1263 744 1361 776 esse
1400 731 1443 775 in
1472 730 1766 789 antiquissimis
1798 729 2024 786 codicibus,
2055 731 2173 777 alium
2202 732 2245 776 iu
2276 731 2452 778 saeculis
2482 734 2546 778 in-

156 803 327 858 secutis,
358 802 478 845 alium
508 802 630 844 etiam
659 802 702 843 in
730 801 984 844 novissimae
1014 801 1162 843 aetatis
1193 814 1305 843 saec.
1332 797 1430 844 XV.
1460 804 1502 841 et
1528 797 1647 844 XVI.
1679 793 1832 856 aliquot
1858 798 2003 854 libris,
2033 804 2076 841 ut
2105 801 2410 845 vetustissimus
2441 802 2542 846 ordo

155 871 275 914 etiam
304 871 347 914 in
387 870 618 912 recentiore
656 868 798 912 codice
830 874 1038 924 servatus,
1068 868 1204 924 (velut
1231 869 1275 911 in
1303 867 1419 911 Mon.
1458 867 1525 921 1.)
1565 868 1655 925 ejus
1688 867 1892 926 originem
1921 881 1976 910 ex
2005 867 2168 925 antiquo
2197 873 2327 913 mscto
2358 874 2543 914 testetur.

154 940 200 993 2)
231 939 283 980 in
311 938 552 983 locorum
582 935 905 994 quorundam
932 951 958 979 a
994 936 1218 994 vulgata
1246 936 1482 979 lectIone
1520 934 1653 978 haud
1680 934 1882 981 leviter
1911 934 2301 982 dissident-ium
2332 939 2544 998 conspi-

155 1011 305 1050 rante
340 1006 487 1049 inter
516 1004 700 1064 plures
731 1003 952 1048 codices
983 1004 1249 1057 lectione;
1280 1003 1391 1048 velut
1418 1004 1461 1047 iu
1489 1003 1596 1048 illis:
1626 1001 1704 1048 ΠΙ.
1737 1001 1904 1057 0d.18‚
1938 1005 2006 1046 12.
2036 1017 2140 1047 cum
2170 1004 2304 1068 bovp
2333 1005 2544 1064 pardus.

155 1075 228 1128 27,
267 1076 338 1117 48.
382 1087 582 1116 cornua
621 1073 775 1115 tauri.
833 1071 868 1115 1.
909 1071 998 1115 Sat.
1040 1076 1086 1127 6,
1125 1074 1219 1115 126.
1256 1071 1409 1130 fugio
1440 1085 1665 1131 campum
1693 1071 1969 1128 lusumque
2008 1071 2294 1130 trigonem.
2326 1094 2379 1104 —
2408 1075 2462 1128 8)
2492 1075 2545 1118 in

155 1142 410 1184 versibus
430 1140 566 1199 apud
585 1140 770 1198 plures
789 1140 1131 1183 communiter
1149 1140 1233 1183 vel
1263 1139 1483 1194 additis,
1514 1140 1601 1183 vel
1632 1138 1868 1193 omissis,
1884 1137 1971 1181 vel
1990 1140 2373 1197 transpositiS,
2404 1141 2543 1198 quales

155 1214 271 1251 sunt:
304 1213 396 1251 octo
424 1208 487 1251 illi
515 1222 663 1251 versus
695 1212 790 1251 ante
810 1206 989 1251 Satiram
1004 1206 1200 1252 decimam
1218 1207 1263 1252 in
1279 1207 1462 1266 pluribus
1484 1205 1600 1250 codd.
1626 1205 1845 1265 adscripti:
1865 1219 2014 1250 versus
2033 1204 2068 1250 1.
2086 1204 2166 1265 Ep.
2188 1209 2260 1263 18,
2288 1210 2359 1252 91.
2375 1216 2545 1265 potores

156 1277 287 1318 bibula·
312 1281 389 1318 etc.
431 1276 475 1318 in
503 1275 686 1334 pluribus
718 1275 918 1318 omissus:
951 1289 1099 1317 versus
1128 1273 1162 1316 Ι.
1195 1274 1353 1333 Ep.·1‚
1380 1275 1451 1317 57.
1482 1275 1556 1320 58.
1585 1276 1670 1329 Est
1698 1277 1862 1317 anonas
1891 1273 2041 1316 nbi-Su·
2067 1276 2545 1332 quadringentis-desint

154 1344 197 1387 in
225 1344 408 1402 pluribus
438 1343 693 1402 transpositi.
754 1342 857 1386 Item
885 1343 938 1386 in
975 1342 1183 1401 eclogis
1213 1341 1302 1385 vel
1330 1343 1383 1386 in
1421 1342 1606 1401 plures
1646 1341 1864 1397 divisis,
1895 1342 2038 1399 quibus
2077 1342 2183 1386 tituli
2222 1344 2287 1387 sui
2316 1358 2442 1404 saepe
2474 1345 2544 1388 ad-

156 1410 230 1455 diti
258 1412 393 1466 (velut
420 1411 454 1455 1.
489 1410 566 1456 od.
595 1413 641 1466 7,
671 1411 741 1454 15.
771 1413 908 1454 Albus
936 1418 985 1453 ut
1015 1413 1186 1453 obscuro
1217 1414 1296 1453 etc.
1327 1409 1460 1468 Epod.
1487 1411 1533 1465 2,
1561 1411 1633 1453 28.
1661 1410 1786 1453 Libet
1803 1412 1952 1464 Jacere
1981 1414 2057 1453 etc.
2086 1409 2121 1453 Ι.
2156 1409 2245 1455 Sat.
2276 1414 2322 1467 2,
2350 1414 2421 1456 86.
2457 1415 2544 1456 Re·

154 1481 276 1535 gibus
304 1482 370 1522 hic
397 1494 485 1522 mos
513 1486 592 1523 est.
655 1478 689 1521 Ι.
719 1478 853 1537 Epist.
897 1481 969 1533 15,
999 1480 1070 1521 26.
1115 1479 1322 1530 Moerum,
1361 1485 1412 1521 ut
1439 1480 1585 1532 rebus)
1629 1478 1695 1521 vel
1725 1477 1908 1537 pluribus
1937 1477 1981 1521 in
2010 1492 2130 1521 unam
2160 1480 2409 1535 contractis,
2440 1481 2545 1538 quod

154 1547 311 1606 Porph.
347 1546 490 1590 Schol.
522 1548 566 1589 in
593 1545 671 1588 111.
706 1545 782 1588 Od.
808 1561 842 1588 c.
875 1548 904 1587 2
934 1551 976 1587 et
1002 1548 1045 1588 8.
1074 1545 1167 1589 fieri
1190 1547 1319 1603 jubet.
1352 1570 1409 1578 —
1437 1548 1490 1599 4)
1519 1547 1572 1589 in
1602 1546 1848 1589 externis
1880 1546 2187 1602 quibusdam
2218 1547 2543 1591 additamen-

155 1615 227 1656 tis
259 1628 348 1656 cum
377 1614 495 1656 libris
526 1618 608 1655 tum
648 1613 826 1671 singulis
867 1613 1025 1671 eclogis
1065 1613 1132 1655 vel
1167 1613 1419 1672 praepositis
1458 1613 1524 1655 vel
1561 1613 1822 1673 postpositis,
1853 1612 1982 1671 qualis
2024 1618 2091 1656 est
2125 1614 2286 1658 famosa
2314 1615 2385 1658 illa
2414 1614 2544 1660 Vettii

155 1682 308 1739 Agorii
339 1681 535 1726 Consulis
565 1682 744 1725 Romani
774 1682 1021 1738 subscriptio
1051 1681 1257 1724 nonnullis
1286 1681 1494 1724 codicibus
1525 1683 1774 1735 communis,
1813 1681 1863 1724 de
1892 1695 1971 1738 qua
2010 1683 2167 1739 egimus
2207 1683 2259 1725 ad
2297 1683 2387 1726 cod.
2423 1683 2545 1727 Goth.

156 1751 200 1805 2,
230 1750 268 1793 b.
302 1763 342 1810 p.
373 1751 443 1795 24.
505 1747 556 1793 In
594 1748 661 1793 his
700 1748 920 1809 praecipue
960 1761 1217 1795 numeramus
1257 1747 1455 1793 titulos
1493 1747 1545 1793 in
1585 1747 1828 1807 singulis
1870 1747 2080 1808 eclogis
2119 1749 2451 1811 inscriptos,
2482 1751 2549 1809 qui

157 1818 254 1859 licet
282 1819 332 1859 ab
353 1818 528 1859 Horatio
559 1817 652 1875 ipso
684 1816 810 1858 additi
835 1831 919 1858 non
949 1818 1032 1858 sint
1061 1830 1137 1857 nec
1167 1816 1219 1857 ad
1248 1817 1338 1872 ejus
1369 1821 1541 1858 aetatem
1571 1817 1818 1874 pertineant,
1847 1817 2045 1875 proximis
2076 1823 2209 1860 tamen
2239 1819 2289 1860 ab
2320 1832 2370 1861 eo
2402 1832 2544 1861 saecu-

155 1885 207 1927 lis
240 1899 293 1927 ex
321 1892 438 1943 parte
457 1901 460 1905 ·
473 1885 559 1941 jam
588 1884 688 1925 facti
718 1898 816 1926 esse
845 1882 1058 1937 videntur,
1099 1882 1204 1939 quod
1231 1882 1275 1924 in
1306 1881 1629 1926 Scholiastarum
1660 1884 1959 1927 commentariis
1991 1890 2214 1943 apparent,
2260 1901 2492 1943 quamquam
2523 1902 2548 1929 a

155 1952 446 1994 vetustissimis
476 1950 659 2011 pluribus
688 1950 823 2006 libris,
852 1955 897 1993 ut
925 1950 1054 1993 Dess.
1085 1952 1124 1991 1.
1159 1953 1201 1992 et
1213 1949 1337 2011 Lips.
1366 1951 1409 1995 2.
1439 1950 1508 1993 vel
1537 1950 1702 1993 omnino
1733 1950 1882 1994 absunt
1911 1950 1976 1994 vel
2006 1965 2031 1993 a
2058 1953 2292 2012 posteriore
2324 1968 2442 1998 manu
2473 1953 2543 1997 ad-

154 2021 228 2063 diti
257 2025 365 2063 sunt.
428 2019 485 2063 Hi
514 2020 619 2062 tituli
658 2034 783 2077 saepe
813 2020 975 2062 multum
1015 2020 1123 2062 inter
1153 2033 1200 2062 se
1231 2018 1386 2062 diversi
1424 2019 1476 2062 ad
1505 2024 1640 2062 certas
1671 2019 1830 2061 classes
1861 2019 1999 2077 redigi
2027 2025 2216 2078 possunt,
2246 2023 2289 2064 in
2321 2037 2421 2079 quas
2452 2023 2547 2068 libri

154 2102 254 2132 mss.
289 2101 478 2145 magnam
505 2091 663 2147 partem
692 2085 920 2142 discedunt,
950 2092 995 2130 ut
1021 2085 1116 2131 inde
1148 2086 1329 2130 certiora
1357 2087 1448 2131 fere
1478 2086 1739 2145 cognationis
1769 2085 1921 2130 iudicia
1949 2087 2090 2146 colligi
2119 2089 2298 2147 possint,
2329 2103 2546 2148 eorumque

155 2156 246 2196 fere
276 2160 509 2197 contextam
538 2155 752 2196 historiam
790 2159 833 2195 et
871 2168 923 2195 ex
965 2153 1173 2195 codicibus
1204 2158 1246 2195 et
1274 2167 1328 2196 ex
1356 2154 1649 2197 vetustioribus
1688 2154 1805 2197 libris
1846 2154 1968 2198 editis
2005 2155 2204 2214 perficere
2241 2157 2389 2212 liceat,
2432 2170 2548 2214 quam

156 2223 301 2264 dudum
329 2227 615 2280 praeparatam
644 2222 853 2263 habemus.
875 2245 927 2253 -·
945 2244 1003 2252 —
1015 2220 1132 2268 Haec
1148 2234 1252 2277 ergo
1269 2220 1420 2262 indicia
1435 2221 1555 2263 modo
1573 2220 1680 2263 dicta
1707 2221 1745 2261 si
1762 2222 1804 2263 in
1820 2221 2002 2279 pluribus
2019 2222 2226 2281 codicibus
2244 2225 2354 2265 inter
2371 2239 2418 2265 se
2448 2239 2545 2267 con-

156 2291 339 2348 spirant,
378 2288 574 2345 judicium
605 2288 655 2332 de
687 2288 935 2346 cognatione
966 2286 1135 2345 quadam
1163 2288 1273 2331 inter
1303 2302 1377 2331 eos
1409 2287 1632 2331 admittunt.
1694 2286 1824 2339 Quam
1865 2288 1902 2331 si
1941 2288 2124 2346 pluribus
2180 2290 2246 2339 his
2284 2290 2446 2334 indiciis
2485 2293 2548 2335 in-

156 2362 220 2400 ter
250 2370 297 2400 se
328 2356 556 2414 conjunctis
588 2354 970 2410 animadvertimus,
1008 2354 1101 2399 fieri
1129 2355 1304 2414 poterit,
1345 2363 1390 2398 ut
1426 2354 1590 2399 codices
1620 2354 1803 2415 plerique
1834 2354 1886 2399 ad
1923 2359 2057 2400 certas
2099 2356 2250 2417 stirpes
2292 2372 2339 2401 ac
2368 2358 2543 2403 familias

156 2424 292 2483 redigi
320 2424 500 2483 possint,
529 2424 731 2482 inquibus
763 2424 802 2468 si
826 2438 910 2467 non
926 2437 980 2466 ex
1009 2437 1090 2466 uuo
1120 2423 1235 2466 fonte
1265 2424 1503 2482 principalis
1533 2423 1690 2481 aliqua,
1721 2428 1763 2466 at
1792 2428 1903 2467 certe
1934 2425 2036 2468 rivis
2067 2423 2239 2469 deducta
2263 2428 2454 2485 cognatio
2470 2443 2545 2487 po·

157 2493 254 2536 terit
282 2492 407 2536 effici.
469 2490 601 2550 Cujus
631 2492 811 2535 muneris
850 2490 1102 2549 exsequendi
1143 2491 1359 2535 consilium
1401 2490 1452 2535 ad
1491 2495 1647 2551 tempus
1677 2492 1937 2551 reponimus,
1974 2492 2146 2551 posthac
2177 2494 2415 2552 aliquando,
2456 2495 2548 2541 dum

160 2561 246 2602 vita
274 2561 467 2619 viresque
500 2564 732 2619 suppetent,
764 2560 1022 2617 aggressuri.
1086 2559 1204 2601 Nunc
1236 2559 1405 2617 digitum
1435 2559 1661 2603 intendisse
1693 2560 1794 2603 satis
1825 2559 2031 2606 habemus.

158 3036 201 3071 P.
224 3038 256 3070 4.
282 3047 312 3070 v.
337 3039 394 3071 27.
417 3047 480 3082 pro
505 3037 676 3072 andnam
699 3037 799 3082 lege:
823 3038 1020 3073 laudatam.
1050 3053 1090 3062 -
1116 3048 1149 3081 p.
1173 3039 1230 3073 22.
1255 3047 1318 3083 pro
1339 3040 1400 3080 27)
1425 3038 1508 3074 Gth.
1535 3039 1631 3083 legez
1654 3011 1715 3081 24)
1740 3038 1823 3074 (ἰώ.
1851 3057 1893 3064 -
1912 3041 2013 3083 p.25.
2031 3039 2104 3073 init.
2123 3037 2233 3073 addet
2266 3038 2362 3082 ejus
2395 3037 2548 3073 facies

227 3092 248 3116 a
272 3084 427 3126 priore
452 3088 593 3127 parte,
618 3083 863 3118 Sermones
887 3089 969 3119 cett.
998 3102 1039 3108 —
1058 3095 1091 3127 p.
1118 3086 1173 3117 34.
1207 3083 1310 3117 Nota.
1334 3087 1357 3118 4
1381 3094 1471 3119 corr.
1496 3095 1557 3128 pro
1580 3089 1613 3118 3.
1638 3102 1683 3111 —
1707 3095 1741 3128 p.
1768 3087 1824 3118 ⁶3.
1845 3085 1901 3119 lin,
1925 3087 1948 3117 8
1966 3094 2029 3129 pro
2050 3083 2111 3117 Ad
2134 3083 2216 3118 hoc
2240 3084 2369 3118 locos
2395 3085 2492 3128 lege:

616 3128 678 3163 Ad
709 3128 786 3164 hos
810 3129 948 3164 locos.
965 3148 1006 3154 —
1032 3128 1116 3163 lbid.
1142 3127 1223 3163 Not.
1249 3132 1309 3163 10.
1337 3141 1366 3163 v.
1394 3133 1426 3163 9.
1459 3130 1523 3163 tria
1556 3128 1772 3174 parenthesis
1796 3130 1894 3173 signa
1919 3130 2093 3165 tollantur.
