<?xml version="1.0" encoding="UTF-8"?>
<!DOCTYPE html PUBLIC "-//W3C//DTD XHTML 1.0 Transitional//EN"
    "http://www.w3.org/TR/xhtml1/DTD/xhtml1-transitional.dtd">
<html xmlns="http://www.w3.org/1999/xhtml" xml:lang="en" lang="en">
 <head>
  <title>
</title>
<meta http-equiv="Content-Type" content="text/html;charset=utf-8" />
  <meta name='ocr-system' content='tesseract 3.04.00' />
  <meta name='ocr-capabilities' content='ocr_page ocr_carea ocr_par ocr_line ocrx_word'/>
</head>
<body>
  <div class='ocr_page' id='page_1' title='image "./4627232_0019.png"; bbox 0 0 2737 3600; ppageno 0'>
   <div class='ocr_carea' id='block_1_1' title="bbox 1339 182 1405 230">
    <p class='ocr_par' dir='ltr' id='par_1_1' title="bbox 1339 182 1405 230">
     <span class='ocr_line' id='line_1_1' title="bbox 1339 182 1405 230; baseline -0.015 0"><span class='ocrx_word' id='word_1_1' title='bbox 1339 182 1405 230; x_wconf 88' lang='lat' dir='ltr'><strong>lo</strong></span> 
     </span>
    </p>
   </div>
   <div class='ocr_carea' id='block_1_2' title="bbox 1213 248 1527 260">
    <p class='ocr_par' dir='ltr' id='par_1_2' title="bbox 1213 248 1527 260">
     <span class='ocr_line' id='line_1_2' title="bbox 1213 248 1527 260; baseline 0 0"><span class='ocrx_word' id='word_1_2' title='bbox 1213 248 1527 260; x_wconf 95' lang='lat' dir='ltr'><strong> </strong></span> 
     </span>
    </p>
   </div>
   <div class='ocr_carea' id='block_1_3' title="bbox 166 312 2559 1594">
    <p class='ocr_par' dir='ltr' id='par_1_3' title="bbox 176 312 2559 623">
     <span class='ocr_line' id='line_1_3' title="bbox 178 312 2559 374; baseline 0 -13"><span class='ocrx_word' id='word_1_3' title='bbox 178 317 257 362; x_wconf 84' lang='lat' dir='ltr'><strong>Od.</strong></span> <span class='ocrx_word' id='word_1_4' title='bbox 284 320 358 373; x_wconf 99' lang='grc'><strong>16,</strong></span> <span class='ocrx_word' id='word_1_5' title='bbox 387 319 457 361; x_wconf 78' lang='lat'><strong>28.</strong></span> <span class='ocrx_word' id='word_1_6' title='bbox 496 320 632 359; x_wconf 88' lang='lat' dir='ltr'><strong>castra</strong></span> <span class='ocrx_word' id='word_1_7' title='bbox 669 318 815 372; x_wconf 84' lang='lat' dir='ltr'><strong>peto:</strong></span> <span class='ocrx_word' id='word_1_8' title='bbox 856 313 1164 372; x_wconf 83' lang='lat' dir='ltr'><strong>transfuga.</strong></span> <span class='ocrx_word' id='word_1_9' title='bbox 1192 313 1269 360; x_wconf 86' lang='lat' dir='ltr'><strong>IV.</strong></span> <span class='ocrx_word' id='word_1_10' title='bbox 1299 314 1454 370; x_wconf 70' lang='lat' dir='ltr'><strong>0d..5,</strong></span> <span class='ocrx_word' id='word_1_11' title='bbox 1482 316 1526 359; x_wconf 71' lang='grc' dir='ltr'><strong>ἵ.</strong></span> <span class='ocrx_word' id='word_1_12' title='bbox 1552 313 1793 360; x_wconf 85' lang='lat' dir='ltr'><strong>Effulsit</strong></span> <span class='ocrx_word' id='word_1_13' title='bbox 1833 313 1995 374; x_wconf 89' lang='lat' dir='ltr'><strong>populo.</strong></span> <span class='ocrx_word' id='word_1_14' title='bbox 2023 312 2159 373; x_wconf 78' lang='lat' dir='ltr'><strong>Epod.</strong></span> <span class='ocrx_word' id='word_1_15' title='bbox 2186 316 2231 370; x_wconf 68' lang='grc' dir='ltr'><strong>ὅ,</strong></span> <span class='ocrx_word' id='word_1_16' title='bbox 2259 317 2332 362; x_wconf 76' lang='lat'><strong>81.</strong></span> <span class='ocrx_word' id='word_1_17' title='bbox 2362 326 2405 360; x_wconf 88' lang='lat' dir='ltr'><strong>et</strong></span> <span class='ocrx_word' id='word_1_18' title='bbox 2432 331 2559 362; x_wconf 88' lang='lat' dir='ltr'><strong>ossa</strong></span> 
     </span>
     <span class='ocr_line' id='line_1_4' title="bbox 176 374 2556 445; baseline 0 -16"><span class='ocrx_word' id='word_1_19' title='bbox 176 391 332 445; x_wconf 86' lang='lat' dir='ltr'><strong>rapta</strong></span> <span class='ocrx_word' id='word_1_20' title='bbox 368 386 427 427; x_wconf 89' lang='lat' dir='ltr'><strong>ah</strong></span> <span class='ocrx_word' id='word_1_21' title='bbox 465 397 571 425; x_wconf 87' lang='lat' dir='ltr'><strong>ore.</strong></span> <span class='ocrx_word' id='word_1_22' title='bbox 598 384 645 436; x_wconf 89' lang='grc'><strong>6,</strong></span> <span class='ocrx_word' id='word_1_23' title='bbox 676 382 743 425; x_wconf 75' lang='grc'><strong>15.</strong></span> <span class='ocrx_word' id='word_1_24' title='bbox 773 393 846 422; x_wconf 86' lang='lat' dir='ltr'><strong>me</strong></span> <span class='ocrx_word' id='word_1_25' title='bbox 876 374 1231 438; x_wconf 60' lang='lat' dir='ltr'><strong>appetiverit.</strong></span> <span class='ocrx_word' id='word_1_26' title='bbox 1260 384 1306 438; x_wconf 68' lang='lat'><strong>7,</strong></span> <span class='ocrx_word' id='word_1_27' title='bbox 1336 385 1404 426; x_wconf 87' lang='grc'><strong>16.</strong></span> <span class='ocrx_word' id='word_1_28' title='bbox 1432 388 1671 440; x_wconf 83' lang='lat' dir='ltr'><strong>mentesque</strong></span> <span class='ocrx_word' id='word_1_29' title='bbox 1709 396 2022 441; x_wconf 75' lang='lat' dir='ltr'><strong>percussae.</strong></span> <span class='ocrx_word' id='word_1_30' title='bbox 2051 380 2107 425; x_wconf 88' lang='grc' dir='ltr'><strong>Π.</strong></span> <span class='ocrx_word' id='word_1_31' title='bbox 2138 380 2227 426; x_wconf 87' lang='lat' dir='ltr'><strong>Sat.</strong></span> <span class='ocrx_word' id='word_1_32' title='bbox 2256 384 2303 437; x_wconf 73' lang='lat'><strong>5,</strong></span> <span class='ocrx_word' id='word_1_33' title='bbox 2335 386 2432 428; x_wconf 78' lang='lat' dir='ltr'><strong>lol..</strong></span> <span class='ocrx_word' id='word_1_34' title='bbox 2460 385 2556 429; x_wconf 84' lang='lat' dir='ltr'><strong>He·</strong></span> 
     </span>
     <span class='ocr_line' id='line_1_5' title="bbox 176 448 2555 508; baseline -0 -10"><span class='ocrx_word' id='word_1_35' title='bbox 176 469 264 498; x_wconf 85' lang='lat' dir='ltr'><strong>res</strong></span> <span class='ocrx_word' id='word_1_36' title='bbox 309 451 565 494; x_wconf 86' lang='lat' dir='ltr'><strong>audieris.</strong></span> <span class='ocrx_word' id='word_1_37' title='bbox 595 448 654 495; x_wconf 90' lang='lat'><strong>11.</strong></span> <span class='ocrx_word' id='word_1_38' title='bbox 682 448 818 508; x_wconf 85' lang='lat' dir='ltr'><strong>Epist.</strong></span> <span class='ocrx_word' id='word_1_39' title='bbox 849 449 902 502; x_wconf 93' lang='lat'><strong>1,</strong></span> <span class='ocrx_word' id='word_1_40' title='bbox 930 448 973 490; x_wconf 76' lang='grc'><strong>8.</strong></span> <span class='ocrx_word' id='word_1_41' title='bbox 1013 449 1178 493; x_wconf 88' lang='lat' dir='ltr'><strong>armis</strong></span> <span class='ocrx_word' id='word_1_42' title='bbox 1217 450 1442 494; x_wconf 88' lang='lat' dir='ltr'><strong>tuearis.</strong></span> <span class='ocrx_word' id='word_1_43' title='bbox 1473 453 1544 495; x_wconf 81' lang='grc'><strong>66.</strong></span> <span class='ocrx_word' id='word_1_44' title='bbox 1572 450 1629 494; x_wconf 90' lang='lat' dir='ltr'><strong>Si</strong></span> <span class='ocrx_word' id='word_1_45' title='bbox 1667 450 2106 508; x_wconf 80' lang='lat' dir='ltr'><strong>modo-’quaedam</strong></span> <span class='ocrx_word' id='word_1_46' title='bbox 2135 450 2361 508; x_wconf 84' lang='lat' dir='ltr'><strong>antiqua</strong></span> <span class='ocrx_word' id='word_1_47' title='bbox 2384 452 2555 497; x_wconf 82' lang='lat' dir='ltr'><strong>nimis.</strong></span> 
     </span>
     <span class='ocr_line' id='line_1_6' title="bbox 177 516 765 578; baseline -0.005 -15"><span class='ocrx_word' id='word_1_48' title='bbox 177 523 271 565; x_wconf 84' lang='grc'><strong>186.</strong></span> <span class='ocrx_word' id='word_1_49' title='bbox 301 517 515 578; x_wconf 72' lang='lat' dir='ltr'>plebecula</span> <span class='ocrx_word' id='word_1_50' title='bbox 542 516 765 578; x_wconf 77' lang='lat' dir='ltr'><strong>plaudit.</strong></span> 
     </span>
     <span class='ocr_line' id='line_1_7' title="bbox 782 588 818 623; baseline 0 0"><span class='ocrx_word' id='word_1_51' title='bbox 782 588 818 623; x_wconf 53' lang='lat' dir='ltr'><strong><em>Q</em></strong></span> 
     </span>
    </p>

    <p class='ocr_par' dir='ltr' id='par_1_4' title="bbox 166 649 2556 1594">
     <span class='ocr_line' id='line_1_8' title="bbox 284 649 2556 713; baseline 0 -15"><span class='ocrx_word' id='word_1_52' title='bbox 284 653 509 707; x_wconf 77' lang='lat' dir='ltr'><strong>8)B1·l.</strong></span> <span class='ocrx_word' id='word_1_53' title='bbox 540 652 597 700; x_wconf 58' lang='grc' dir='ltr'><strong>ἱ.</strong></span> <span class='ocrx_word' id='word_1_54' title='bbox 642 651 827 698; x_wconf 80' lang='lat' dir='ltr'>Codex</span> <span class='ocrx_word' id='word_1_55' title='bbox 861 649 1249 696; x_wconf 84' lang='lat' dir='ltr'><strong>Berolinensis</strong></span> <span class='ocrx_word' id='word_1_56' title='bbox 1288 650 1433 697; x_wconf 84' lang='lat' dir='ltr'><strong>alter</strong></span> <span class='ocrx_word' id='word_1_57' title='bbox 1476 651 1856 698; x_wconf 85' lang='lat' dir='ltr'><strong>bibliothecae</strong></span> <span class='ocrx_word' id='word_1_58' title='bbox 1885 652 2096 713; x_wconf 84' lang='lat' dir='ltr'><strong>Regiae</strong></span> <span class='ocrx_word' id='word_1_59' title='bbox 2134 654 2372 699; x_wconf 74' lang='lat' dir='ltr'><strong>chartaceus</strong></span> <span class='ocrx_word' id='word_1_60' title='bbox 2409 655 2454 699; x_wconf 91' lang='lat' dir='ltr'><strong>in</strong></span> <span class='ocrx_word' id='word_1_61' title='bbox 2488 657 2556 712; x_wconf 64' lang='lat'><strong>4⁸2</strong></span> 
     </span>
     <span class='ocr_line' id='line_1_9' title="bbox 176 704 2556 783; baseline -0 -15"><span class='ocrx_word' id='word_1_62' title='bbox 176 724 285 781; x_wconf 88' lang='lat' dir='ltr'><strong>sign.</strong></span> <span class='ocrx_word' id='word_1_63' title='bbox 314 723 392 765; x_wconf 87' lang='lat' dir='ltr'><strong>Nr.</strong></span> <span class='ocrx_word' id='word_1_64' title='bbox 421 724 465 765; x_wconf 79' lang='lat'><strong>9.</strong></span> <span class='ocrx_word' id='word_1_65' title='bbox 498 735 612 765; x_wconf 86' lang='lat' dir='ltr'><strong>saec.</strong></span> <span class='ocrx_word' id='word_1_66' title='bbox 639 720 738 767; x_wconf 87' lang='lat' dir='ltr'><strong>XV.</strong></span> <span class='ocrx_word' id='word_1_67' title='bbox 768 720 978 775; x_wconf 86' lang='lat' dir='ltr'><strong>exeuntis,</strong></span> <span class='ocrx_word' id='word_1_68' title='bbox 1007 719 1226 763; x_wconf 81' lang='lat' dir='ltr'><strong>Horatii</strong></span> <span class='ocrx_word' id='word_1_69' title='bbox 1253 709 1622 777; x_wconf 79' lang='lat' dir='ltr'><strong>Epistularum</strong></span> <span class='ocrx_word' id='word_1_70' title='bbox 1658 719 1850 764; x_wconf 88' lang='lat' dir='ltr'><strong>librum</strong></span> <span class='ocrx_word' id='word_1_71' title='bbox 1876 720 1913 766; x_wconf 90' lang='lat'><strong>1.</strong></span> <span class='ocrx_word' id='word_1_72' title='bbox 1942 736 2071 780; x_wconf 89' lang='lat' dir='ltr'><strong>usqne</strong></span> <span class='ocrx_word' id='word_1_73' title='bbox 2101 722 2153 766; x_wconf 87' lang='lat' dir='ltr'><strong>ad</strong></span> <span class='ocrx_word' id='word_1_74' title='bbox 2182 722 2315 783; x_wconf 81' lang='lat' dir='ltr'><strong>Epist.</strong></span> <span class='ocrx_word' id='word_1_75' title='bbox 2347 725 2402 767; x_wconf 82' lang='lat'><strong>18</strong></span> <span class='ocrx_word' id='word_1_76' title='bbox 2429 737 2469 766; x_wconf 82' lang='lat' dir='ltr'><strong>v.</strong></span> <span class='ocrx_word' id='word_1_77' title='bbox 2496 704 2556 766; x_wconf 61' lang='grc' dir='ltr'>ὦ</span> 
     </span>
     <span class='ocr_line' id='line_1_10' title="bbox 173 785 2555 848; baseline 0 -15"><span class='ocrx_word' id='word_1_78' title='bbox 173 791 217 833; x_wconf 92' lang='lat' dir='ltr'><strong>in</strong></span> <span class='ocrx_word' id='word_1_79' title='bbox 245 792 302 833; x_wconf 63' lang='lat'><strong>27</strong></span> <span class='ocrx_word' id='word_1_80' title='bbox 329 789 443 833; x_wconf 82' lang='lat' dir='ltr'><strong>foliis</strong></span> <span class='ocrx_word' id='word_1_81' title='bbox 474 789 674 848; x_wconf 89' lang='lat' dir='ltr'><strong>scriptum</strong></span> <span class='ocrx_word' id='word_1_82' title='bbox 704 788 899 843; x_wconf 87' lang='lat' dir='ltr'><strong>continet,</strong></span> <span class='ocrx_word' id='word_1_83' title='bbox 928 801 976 830; x_wconf 87' lang='lat' dir='ltr'><strong>ac</strong></span> <span class='ocrx_word' id='word_1_84' title='bbox 1003 791 1222 846; x_wconf 88' lang='lat' dir='ltr'><strong>praeterea</strong></span> <span class='ocrx_word' id='word_1_85' title='bbox 1248 785 1530 829; x_wconf 80' lang='lat' dir='ltr'><strong>Boethium</strong></span> <span class='ocrx_word' id='word_1_86' title='bbox 1561 785 1619 828; x_wconf 84' lang='lat' dir='ltr'><strong>de</strong></span> <span class='ocrx_word' id='word_1_87' title='bbox 1649 785 1944 845; x_wconf 82' lang='lat' dir='ltr'><strong>disciplina</strong></span> <span class='ocrx_word' id='word_1_88' title='bbox 1973 790 2275 834; x_wconf 88' lang='lat' dir='ltr'><strong>scholarum</strong></span> <span class='ocrx_word' id='word_1_89' title='bbox 2305 794 2347 834; x_wconf 91' lang='lat' dir='ltr'><strong>et</strong></span> <span class='ocrx_word' id='word_1_90' title='bbox 2373 790 2555 833; x_wconf 84' lang='lat' dir='ltr'><strong>Persii</strong></span> 
     </span>
     <span class='ocr_line' id='line_1_11' title="bbox 172 853 2553 914; baseline 0 -13"><span class='ocrx_word' id='word_1_91' title='bbox 172 857 384 902; x_wconf 89' lang='lat' dir='ltr'><strong>Satiras</strong></span> <span class='ocrx_word' id='word_1_92' title='bbox 407 871 497 900; x_wconf 91' lang='lat' dir='ltr'><strong>cum</strong></span> <span class='ocrx_word' id='word_1_93' title='bbox 527 856 699 901; x_wconf 79' lang='lat' dir='ltr'><strong>scholiis</strong></span> <span class='ocrx_word' id='word_1_94' title='bbox 723 856 912 900; x_wconf 84' lang='lat' dir='ltr'><strong>vetustis.</strong></span> <span class='ocrx_word' id='word_1_95' title='bbox 950 854 1192 899; x_wconf 77' lang='lat' dir='ltr'><strong>Horatianis</strong></span> <span class='ocrx_word' id='word_1_96' title='bbox 1211 853 1413 914; x_wconf 86' lang='lat' dir='ltr'><strong>Epistolis</strong></span> <span class='ocrx_word' id='word_1_97' title='bbox 1442 853 1673 913; x_wconf 88' lang='lat' dir='ltr'><strong>praemissa</strong></span> <span class='ocrx_word' id='word_1_98' title='bbox 1701 859 1767 896; x_wconf 89' lang='lat' dir='ltr'><strong>est</strong></span> <span class='ocrx_word' id='word_1_99' title='bbox 1795 853 1922 899; x_wconf 86' lang='lat' dir='ltr'><strong>Vita</strong></span> <span class='ocrx_word' id='word_1_100' title='bbox 1951 857 2146 912; x_wconf 82' lang='lat' dir='ltr'><strong>quaedam</strong></span> <span class='ocrx_word' id='word_1_101' title='bbox 2164 858 2329 902; x_wconf 87' lang='lat' dir='ltr'><strong>Horatii</strong></span> <span class='ocrx_word' id='word_1_102' title='bbox 2354 872 2438 902; x_wconf 90' lang='lat' dir='ltr'><strong>non</strong></span> <span class='ocrx_word' id='word_1_103' title='bbox 2457 858 2553 903; x_wconf 86' lang='lat' dir='ltr'><strong>alibi</strong></span> 
     </span>
     <span class='ocr_line' id='line_1_12' title="bbox 171 921 2555 985; baseline 0.001 -17"><span class='ocrx_word' id='word_1_104' title='bbox 171 931 356 984; x_wconf 88' lang='lat' dir='ltr'><strong>reperta,</strong></span> <span class='ocrx_word' id='word_1_105' title='bbox 395 939 514 983; x_wconf 91' lang='lat' dir='ltr'><strong>quam</strong></span> <span class='ocrx_word' id='word_1_106' title='bbox 543 925 675 968; x_wconf 92' lang='lat' dir='ltr'><strong>adhuc</strong></span> <span class='ocrx_word' id='word_1_107' title='bbox 704 926 953 983; x_wconf 84' lang='lat' dir='ltr'><strong>incognitam</strong></span> <span class='ocrx_word' id='word_1_108' title='bbox 982 925 1026 966; x_wconf 93' lang='lat' dir='ltr'><strong>iu</strong></span> <span class='ocrx_word' id='word_1_109' title='bbox 1056 923 1374 975; x_wconf 88' lang='lat' dir='ltr'><strong>Quaestionihus</strong></span> <span class='ocrx_word' id='word_1_110' title='bbox 1413 923 1570 965; x_wconf 87' lang='lat' dir='ltr'><strong>nostris</strong></span> <span class='ocrx_word' id='word_1_111' title='bbox 1598 921 1746 965; x_wconf 86' lang='lat' dir='ltr'><strong>Horat.</strong></span> <span class='ocrx_word' id='word_1_112' title='bbox 1786 926 1884 979; x_wconf 90' lang='lat' dir='ltr'><strong>post</strong></span> <span class='ocrx_word' id='word_1_113' title='bbox 1909 922 2215 969; x_wconf 82' lang='lat' dir='ltr'><strong>Praefationem</strong></span> <span class='ocrx_word' id='word_1_114' title='bbox 2244 928 2355 985; x_wconf 84' lang='lat' dir='ltr'><strong>typis</strong></span> <span class='ocrx_word' id='word_1_115' title='bbox 2385 927 2555 985; x_wconf 82' lang='lat' dir='ltr'><strong>exprimi</strong></span> 
     </span>
     <span class='ocr_line' id='line_1_13' title="bbox 174 989 2553 1052; baseline 0.001 -16"><span class='ocrx_word' id='word_1_116' title='bbox 174 995 420 1038; x_wconf 84' lang='lat' dir='ltr'><strong>curavimus.</strong></span> <span class='ocrx_word' id='word_1_117' title='bbox 480 993 586 1037; x_wconf 89' lang='lat' dir='ltr'><strong>Eam</strong></span> <span class='ocrx_word' id='word_1_118' title='bbox 606 1008 661 1036; x_wconf 89' lang='lat' dir='ltr'><strong>ex</strong></span> <span class='ocrx_word' id='word_1_119' title='bbox 689 992 1080 1049; x_wconf 84' lang='lat' dir='ltr'><strong>vetustiore-aliquo</strong></span> <span class='ocrx_word' id='word_1_120' title='bbox 1112 990 1338 1049; x_wconf 86' lang='lat' dir='ltr'><strong>exemplari</strong></span> <span class='ocrx_word' id='word_1_121' title='bbox 1366 989 1641 1049; x_wconf 84' lang='lat' dir='ltr'><strong>depromptam</strong></span> <span class='ocrx_word' id='word_1_122' title='bbox 1670 1004 1784 1045; x_wconf 89' lang='lat' dir='ltr'><strong>esse,</strong></span> <span class='ocrx_word' id='word_1_123' title='bbox 1816 1004 1904 1033; x_wconf 89' lang='lat' dir='ltr'><strong>cum</strong></span> <span class='ocrx_word' id='word_1_124' title='bbox 1919 990 2015 1049; x_wconf 90' lang='lat' dir='ltr'><strong>ipsa</strong></span> <span class='ocrx_word' id='word_1_125' title='bbox 2035 993 2236 1038; x_wconf 81' lang='lat' dir='ltr'><strong>orationis</strong></span> <span class='ocrx_word' id='word_1_126' title='bbox 2250 993 2427 1050; x_wconf 81' lang='lat' dir='ltr'><strong>indoles,</strong></span> <span class='ocrx_word' id='word_1_127' title='bbox 2456 1009 2553 1052; x_wconf 88' lang='lat' dir='ltr'><strong>qua·</strong></span> 
     </span>
     <span class='ocr_line' id='line_1_14' title="bbox 169 1056 2552 1120; baseline 0 -15"><span class='ocrx_word' id='word_1_128' title='bbox 169 1061 224 1105; x_wconf 90' lang='lat' dir='ltr'><strong>lis</strong></span> <span class='ocrx_word' id='word_1_129' title='bbox 255 1061 615 1120; x_wconf 84' lang='lat' dir='ltr'><strong>grammaticorum</strong></span> <span class='ocrx_word' id='word_1_130' title='bbox 644 1073 741 1104; x_wconf 89' lang='lat' dir='ltr'><strong>esse</strong></span> <span class='ocrx_word' id='word_1_131' title='bbox 772 1060 894 1116; x_wconf 91' lang='lat' dir='ltr'><strong>solet,</strong></span> <span class='ocrx_word' id='word_1_132' title='bbox 925 1064 1007 1103; x_wconf 91' lang='lat' dir='ltr'><strong>tum</strong></span> <span class='ocrx_word' id='word_1_133' title='bbox 1037 1058 1194 1103; x_wconf 89' lang='lat' dir='ltr'><strong>scholia</strong></span> <span class='ocrx_word' id='word_1_134' title='bbox 1222 1057 1274 1101; x_wconf 91' lang='lat' dir='ltr'><strong>ad</strong></span> <span class='ocrx_word' id='word_1_135' title='bbox 1301 1058 1526 1116; x_wconf 81' lang='lat' dir='ltr'><strong>marginem</strong></span> <span class='ocrx_word' id='word_1_136' title='bbox 1556 1057 1596 1100; x_wconf 90' lang='lat' dir='ltr'><strong>ei</strong></span> <span class='ocrx_word' id='word_1_137' title='bbox 1625 1056 1763 1100; x_wconf 86' lang='lat' dir='ltr'><strong>addita</strong></span> <span class='ocrx_word' id='word_1_138' title='bbox 1792 1057 1899 1101; x_wconf 88' lang='lat' dir='ltr'><strong>haud</strong></span> <span class='ocrx_word' id='word_1_139' title='bbox 1928 1056 2093 1102; x_wconf 87' lang='lat' dir='ltr'><strong>indocta</strong></span> <span class='ocrx_word' id='word_1_140' title='bbox 2113 1060 2301 1119; x_wconf 87' lang='lat' dir='ltr'><strong>probant.</strong></span> <span class='ocrx_word' id='word_1_141' title='bbox 2360 1060 2552 1106; x_wconf 84' lang='lat' dir='ltr'><strong>Ceterum</strong></span> 
     </span>
     <span class='ocr_line' id='line_1_15' title="bbox 170 1126 2553 1184; baseline 0.001 -13"><span class='ocrx_word' id='word_1_142' title='bbox 170 1129 279 1172; x_wconf 87' lang='lat' dir='ltr'><strong>hunc</strong></span> <span class='ocrx_word' id='word_1_143' title='bbox 307 1129 452 1171; x_wconf 90' lang='lat' dir='ltr'><strong>librum</strong></span> <span class='ocrx_word' id='word_1_144' title='bbox 483 1129 558 1171; x_wconf 87' lang='lat' dir='ltr'><strong>sub</strong></span> <span class='ocrx_word' id='word_1_145' title='bbox 589 1128 707 1170; x_wconf 79' lang='lat' dir='ltr'><strong>finem</strong></span> <span class='ocrx_word' id='word_1_146' title='bbox 736 1141 847 1171; x_wconf 90' lang='lat' dir='ltr'><strong>saec.</strong></span> <span class='ocrx_word' id='word_1_147' title='bbox 876 1126 973 1172; x_wconf 83' lang='lat' dir='ltr'><strong>XV.</strong></span> <span class='ocrx_word' id='word_1_148' title='bbox 1003 1126 1159 1169; x_wconf 85' lang='lat' dir='ltr'><strong>demum</strong></span> <span class='ocrx_word' id='word_1_149' title='bbox 1189 1126 1382 1183; x_wconf 89' lang='lat' dir='ltr'><strong>scriptum</strong></span> <span class='ocrx_word' id='word_1_150' title='bbox 1412 1140 1525 1180; x_wconf 90' lang='lat' dir='ltr'><strong>esse,</strong></span> <span class='ocrx_word' id='word_1_151' title='bbox 1556 1139 1644 1168; x_wconf 89' lang='lat' dir='ltr'><strong>cum</strong></span> <span class='ocrx_word' id='word_1_152' title='bbox 1673 1139 1727 1167; x_wconf 83' lang='lat' dir='ltr'><strong>ex</strong></span> <span class='ocrx_word' id='word_1_153' title='bbox 1756 1126 1850 1168; x_wconf 89' lang='lat' dir='ltr'><strong>aliis</strong></span> <span class='ocrx_word' id='word_1_154' title='bbox 1877 1126 2042 1169; x_wconf 90' lang='lat' dir='ltr'><strong>indiciis</strong></span> <span class='ocrx_word' id='word_1_155' title='bbox 2072 1127 2319 1184; x_wconf 77' lang='lat' dir='ltr'><strong>colligimus,</strong></span> <span class='ocrx_word' id='word_1_156' title='bbox 2348 1134 2432 1172; x_wconf 88' lang='lat' dir='ltr'><strong>tum</strong></span> <span class='ocrx_word' id='word_1_157' title='bbox 2457 1130 2553 1173; x_wconf 88' lang='lat' dir='ltr'><strong>inde</strong></span> 
     </span>
     <span class='ocr_line' id='line_1_16' title="bbox 169 1191 2551 1255; baseline 0 -16"><span class='ocrx_word' id='word_1_158' title='bbox 169 1197 443 1255; x_wconf 87' lang='lat' dir='ltr'><strong>potissimum,</strong></span> <span class='ocrx_word' id='word_1_159' title='bbox 473 1194 578 1252; x_wconf 90' lang='lat' dir='ltr'><strong>quod</strong></span> <span class='ocrx_word' id='word_1_160' title='bbox 606 1195 649 1236; x_wconf 84' lang='lat' dir='ltr'><strong>in</strong></span> <span class='ocrx_word' id='word_1_161' title='bbox 664 1195 823 1252; x_wconf 80' lang='lat' dir='ltr'><strong>glossis</strong></span> <span class='ocrx_word' id='word_1_162' title='bbox 851 1195 961 1236; x_wconf 87' lang='lat' dir='ltr'><strong>inter</strong></span> <span class='ocrx_word' id='word_1_163' title='bbox 988 1194 1120 1236; x_wconf 88' lang='lat' dir='ltr'><strong>lineas</strong></span> <span class='ocrx_word' id='word_1_164' title='bbox 1152 1198 1195 1235; x_wconf 88' lang='lat' dir='ltr'><strong>et</strong></span> <span class='ocrx_word' id='word_1_165' title='bbox 1220 1194 1265 1235; x_wconf 91' lang='lat' dir='ltr'><strong>in</strong></span> <span class='ocrx_word' id='word_1_166' title='bbox 1292 1193 1542 1250; x_wconf 78' lang='lat' dir='ltr'><strong>largissimis</strong></span> <span class='ocrx_word' id='word_1_167' title='bbox 1572 1191 1625 1235; x_wconf 85' lang='lat' dir='ltr'><strong>ad</strong></span> <span class='ocrx_word' id='word_1_168' title='bbox 1652 1193 1877 1250; x_wconf 88' lang='lat' dir='ltr'><strong>marginem</strong></span> <span class='ocrx_word' id='word_1_169' title='bbox 1907 1193 2076 1237; x_wconf 87' lang='lat' dir='ltr'><strong>scholiis</strong></span> <span class='ocrx_word' id='word_1_170' title='bbox 2104 1194 2304 1252; x_wconf 86' lang='lat' dir='ltr'><strong>permulta</strong></span> <span class='ocrx_word' id='word_1_171' title='bbox 2319 1196 2444 1240; x_wconf 87' lang='lat' dir='ltr'><strong>habet</strong></span> <span class='ocrx_word' id='word_1_172' title='bbox 2457 1211 2551 1255; x_wconf 90' lang='lat' dir='ltr'><strong>par-</strong></span> 
     </span>
     <span class='ocr_line' id='line_1_17' title="bbox 171 1260 2552 1321; baseline 0 -14"><span class='ocrx_word' id='word_1_173' title='bbox 171 1264 243 1306; x_wconf 89' lang='lat' dir='ltr'><strong>tim</strong></span> <span class='ocrx_word' id='word_1_174' title='bbox 263 1278 317 1307; x_wconf 87' lang='lat' dir='ltr'><strong>ex</strong></span> <span class='ocrx_word' id='word_1_175' title='bbox 336 1263 507 1306; x_wconf 87' lang='lat' dir='ltr'><strong>Acrone</strong></span> <span class='ocrx_word' id='word_1_176' title='bbox 525 1262 671 1319; x_wconf 84' lang='lat' dir='ltr'><strong>partim</strong></span> <span class='ocrx_word' id='word_1_177' title='bbox 690 1261 941 1305; x_wconf 81' lang='lat' dir='ltr'><strong>exLaadini</strong></span> <span class='ocrx_word' id='word_1_178' title='bbox 959 1261 1277 1316; x_wconf 87' lang='lat' dir='ltr'><strong>commentariis,</strong></span> <span class='ocrx_word' id='word_1_179' title='bbox 1307 1261 1375 1318; x_wconf 93' lang='lat' dir='ltr'><strong>qui</strong></span> <span class='ocrx_word' id='word_1_180' title='bbox 1401 1261 1571 1320; x_wconf 88' lang='lat' dir='ltr'><strong>primum</strong></span> <span class='ocrx_word' id='word_1_181' title='bbox 1591 1274 1630 1304; x_wconf 94' lang='lat' dir='ltr'><strong>a.</strong></span> <span class='ocrx_word' id='word_1_182' title='bbox 1660 1262 1773 1305; x_wconf 73' lang='lat'><strong>148²</strong></span> <span class='ocrx_word' id='word_1_183' title='bbox 1800 1261 1845 1304; x_wconf 84' lang='lat' dir='ltr'><strong>in</strong></span> <span class='ocrx_word' id='word_1_184' title='bbox 1862 1260 1993 1305; x_wconf 87' lang='lat' dir='ltr'><strong>lucem</strong></span> <span class='ocrx_word' id='word_1_185' title='bbox 2021 1261 2275 1321; x_wconf 90' lang='lat' dir='ltr'><strong>prodierunt,</strong></span> <span class='ocrx_word' id='word_1_186' title='bbox 2305 1262 2358 1307; x_wconf 90' lang='lat' dir='ltr'><strong>ad</strong></span> <span class='ocrx_word' id='word_1_187' title='bbox 2385 1265 2552 1309; x_wconf 84' lang='lat' dir='ltr'><strong>verbum</strong></span> 
     </span>
     <span class='ocr_line' id='line_1_18' title="bbox 171 1327 2551 1392; baseline 0.001 -18"><span class='ocrx_word' id='word_1_188' title='bbox 171 1345 385 1390; x_wconf 88' lang='lat' dir='ltr'><strong>expressa.</strong></span> <span class='ocrx_word' id='word_1_189' title='bbox 416 1329 632 1392; x_wconf 81' lang='lat' dir='ltr'><strong>Scrian</strong></span> <span class='ocrx_word' id='word_1_190' title='bbox 660 1329 877 1373; x_wconf 86' lang='lat' dir='ltr'><strong>maximam</strong></span> <span class='ocrx_word' id='word_1_191' title='bbox 903 1333 1061 1389; x_wconf 86' lang='lat' dir='ltr'><strong>partem</strong></span> <span class='ocrx_word' id='word_1_192' title='bbox 1088 1342 1193 1389; x_wconf 89' lang='lat' dir='ltr'><strong>pura</strong></span> <span class='ocrx_word' id='word_1_193' title='bbox 1210 1333 1252 1372; x_wconf 89' lang='lat' dir='ltr'><strong>et</strong></span> <span class='ocrx_word' id='word_1_194' title='bbox 1266 1327 1480 1373; x_wconf 85' lang='lat' dir='ltr'><strong>emendata</strong></span> <span class='ocrx_word' id='word_1_195' title='bbox 1506 1342 1666 1373; x_wconf 87' lang='lat' dir='ltr'><strong>manum</strong></span> <span class='ocrx_word' id='word_1_196' title='bbox 1695 1327 1854 1372; x_wconf 78' lang='lat' dir='ltr'><strong>doctam</strong></span> <span class='ocrx_word' id='word_1_197' title='bbox 1873 1333 1915 1373; x_wconf 86' lang='lat' dir='ltr'><strong>et</strong></span> <span class='ocrx_word' id='word_1_198' title='bbox 1928 1328 2165 1389; x_wconf 84' lang='lat' dir='ltr'><strong>diligentem</strong></span> <span class='ocrx_word' id='word_1_199' title='bbox 2182 1328 2333 1390; x_wconf 85' lang='lat' dir='ltr'><strong>prodit.</strong></span> <span class='ocrx_word' id='word_1_200' title='bbox 2364 1329 2551 1376; x_wconf 86' lang='lat' dir='ltr'><strong>Textum</strong></span> 
     </span>
     <span class='ocr_line' id='line_1_19' title="bbox 169 1396 2550 1457; baseline 0 -15"><span class='ocrx_word' id='word_1_201' title='bbox 169 1405 316 1454; x_wconf 91' lang='lat' dir='ltr'><strong>autem,</strong></span> <span class='ocrx_word' id='word_1_202' title='bbox 345 1398 445 1442; x_wconf 87' lang='lat' dir='ltr'><strong>licet</strong></span> <span class='ocrx_word' id='word_1_203' title='bbox 464 1412 554 1441; x_wconf 86' lang='lat' dir='ltr'><strong>cum</strong></span> <span class='ocrx_word' id='word_1_204' title='bbox 571 1398 635 1443; x_wconf 87' lang='lat' dir='ltr'><strong>ed.</strong></span> <span class='ocrx_word' id='word_1_205' title='bbox 655 1398 773 1441; x_wconf 89' lang='lat' dir='ltr'><strong>Flor.</strong></span> <span class='ocrx_word' id='word_1_206' title='bbox 802 1399 918 1442; x_wconf 72' lang='lat'><strong>1482</strong></span> <span class='ocrx_word' id='word_1_207' title='bbox 944 1397 1157 1456; x_wconf 86' lang='lat' dir='ltr'><strong>plurimum</strong></span> <span class='ocrx_word' id='word_1_208' title='bbox 1186 1397 1510 1452; x_wconf 82' lang='lat' dir='ltr'><strong>convenientem,</strong></span> <span class='ocrx_word' id='word_1_209' title='bbox 1539 1411 1624 1441; x_wconf 90' lang='lat' dir='ltr'><strong>non</strong></span> <span class='ocrx_word' id='word_1_210' title='bbox 1645 1408 1703 1440; x_wconf 84' lang='lat' dir='ltr'><strong>ex</strong></span> <span class='ocrx_word' id='word_1_211' title='bbox 1719 1396 1824 1440; x_wconf 87' lang='lat' dir='ltr'><strong>libro</strong></span> <span class='ocrx_word' id='word_1_212' title='bbox 1842 1398 1955 1457; x_wconf 84' lang='lat' dir='ltr'><strong>typis</strong></span> <span class='ocrx_word' id='word_1_213' title='bbox 1977 1411 2197 1455; x_wconf 86' lang='lat' dir='ltr'><strong>expresso,</strong></span> <span class='ocrx_word' id='word_1_214' title='bbox 2228 1398 2305 1441; x_wconf 87' lang='lat' dir='ltr'><strong>sed</strong></span> <span class='ocrx_word' id='word_1_215' title='bbox 2318 1412 2374 1441; x_wconf 85' lang='lat' dir='ltr'><strong>ex</strong></span> <span class='ocrx_word' id='word_1_216' title='bbox 2387 1403 2550 1442; x_wconf 82' lang='lat' dir='ltr'><strong>vetusto</strong></span> 
     </span>
     <span class='ocr_line' id='line_1_20' title="bbox 166 1464 2549 1524; baseline 0 -15"><span class='ocrx_word' id='word_1_217' title='bbox 166 1466 300 1524; x_wconf 87' lang='lat' dir='ltr'><strong>aliquo</strong></span> <span class='ocrx_word' id='word_1_218' title='bbox 328 1467 464 1509; x_wconf 88' lang='lat' dir='ltr'><strong>bonae</strong></span> <span class='ocrx_word' id='word_1_219' title='bbox 492 1471 616 1508; x_wconf 88' lang='lat' dir='ltr'><strong>notae</strong></span> <span class='ocrx_word' id='word_1_220' title='bbox 637 1466 778 1508; x_wconf 89' lang='lat' dir='ltr'><strong>codice</strong></span> <span class='ocrx_word' id='word_1_221' title='bbox 804 1466 1022 1524; x_wconf 88' lang='lat' dir='ltr'><strong>repetitum</strong></span> <span class='ocrx_word' id='word_1_222' title='bbox 1052 1479 1149 1507; x_wconf 87' lang='lat' dir='ltr'><strong>esse</strong></span> <span class='ocrx_word' id='word_1_223' title='bbox 1180 1469 1222 1506; x_wconf 91' lang='lat' dir='ltr'><strong>et</strong></span> <span class='ocrx_word' id='word_1_224' title='bbox 1247 1469 1418 1523; x_wconf 86' lang='lat' dir='ltr'><strong>propter</strong></span> <span class='ocrx_word' id='word_1_225' title='bbox 1446 1464 1766 1523; x_wconf 74' lang='lat' dir='ltr'><strong>orthographiae</strong></span> <span class='ocrx_word' id='word_1_226' title='bbox 1795 1466 1995 1508; x_wconf 88' lang='lat' dir='ltr'><strong>rationem</strong></span> <span class='ocrx_word' id='word_1_227' title='bbox 2024 1465 2181 1520; x_wconf 90' lang='lat' dir='ltr'><strong>(michi,</strong></span> <span class='ocrx_word' id='word_1_228' title='bbox 2210 1466 2352 1521; x_wconf 89' lang='lat' dir='ltr'><strong>nichil,</strong></span> <span class='ocrx_word' id='word_1_229' title='bbox 2383 1467 2549 1519; x_wconf 86' lang='lat' dir='ltr'><strong>Ulixes)</strong></span> 
     </span>
     <span class='ocr_line' id='line_1_21' title="bbox 167 1532 2544 1594; baseline 0.001 -17"><span class='ocrx_word' id='word_1_230' title='bbox 167 1540 209 1577; x_wconf 88' lang='lat' dir='ltr'><strong>et</strong></span> <span class='ocrx_word' id='word_1_231' title='bbox 234 1539 407 1593; x_wconf 85' lang='lat' dir='ltr'><strong>propter</strong></span> <span class='ocrx_word' id='word_1_232' title='bbox 435 1533 673 1594; x_wconf 79' lang='lat' dir='ltr'><strong>singulares</strong></span> <span class='ocrx_word' id='word_1_233' title='bbox 699 1532 854 1590; x_wconf 86' lang='lat' dir='ltr'><strong>aliquot</strong></span> <span class='ocrx_word' id='word_1_234' title='bbox 880 1532 1081 1577; x_wconf 84' lang='lat' dir='ltr'><strong>lectiones</strong></span> <span class='ocrx_word' id='word_1_235' title='bbox 1111 1532 1416 1588; x_wconf 84' lang='lat' dir='ltr'><strong>existimamus,</strong></span> <span class='ocrx_word' id='word_1_236' title='bbox 1441 1533 1556 1577; x_wconf 73' lang='lat' dir='ltr'><strong>velut</strong></span> <span class='ocrx_word' id='word_1_237' title='bbox 1581 1536 1626 1587; x_wconf 89' lang='grc'><strong>6,</strong></span> <span class='ocrx_word' id='word_1_238' title='bbox 1656 1534 1727 1577; x_wconf 75' lang='lat'><strong>12.</strong></span> <span class='ocrx_word' id='word_1_239' title='bbox 1758 1537 2034 1577; x_wconf 90' lang='lat' dir='ltr'><strong>metuatne.</strong></span> <span class='ocrx_word' id='word_1_240' title='bbox 2062 1534 2132 1578; x_wconf 76' lang='lat'><strong>68.</strong></span> <span class='ocrx_word' id='word_1_241' title='bbox 2162 1534 2544 1579; x_wconf 85' lang='lat' dir='ltr'><strong>meminermus.</strong></span> 
     </span>
    </p>
   </div>
   <div class='ocr_carea' id='block_1_4' title="bbox 165 1600 2549 1751">
    <p class='ocr_par' dir='ltr' id='par_1_5' title="bbox 165 1600 2549 1727">
     <span class='ocr_line' id='line_1_22' title="bbox 167 1600 2549 1661; baseline 0 -16"><span class='ocrx_word' id='word_1_242' title='bbox 167 1604 240 1657; x_wconf 88' lang='grc'><strong>16,</strong></span> <span class='ocrx_word' id='word_1_243' title='bbox 267 1603 339 1644; x_wconf 90' lang='grc'><strong>41.</strong></span> <span class='ocrx_word' id='word_1_244' title='bbox 369 1614 534 1661; x_wconf 82' lang='lat' dir='ltr'><strong>parvo</strong></span> <span class='ocrx_word' id='word_1_245' title='bbox 563 1601 783 1649; x_wconf 86' lang='lat' dir='ltr'><strong>nesciat</strong></span> <span class='ocrx_word' id='word_1_246' title='bbox 810 1600 901 1644; x_wconf 92' lang='lat' dir='ltr'><strong>uti.</strong></span> <span class='ocrx_word' id='word_1_247' title='bbox 931 1602 1003 1648; x_wconf 62' lang='lat' dir='ltr'><strong>ss.</strong></span> <span class='ocrx_word' id='word_1_248' title='bbox 1034 1614 1073 1644; x_wconf 82' lang='lat' dir='ltr'><strong>si</strong></span> <span class='ocrx_word' id='word_1_249' title='bbox 1100 1600 1235 1644; x_wconf 89' lang='lat' dir='ltr'><strong>minor</strong></span> <span class='ocrx_word' id='word_1_250' title='bbox 1278 1604 1448 1658; x_wconf 89' lang='lat' dir='ltr'><strong>urget.</strong></span> <span class='ocrx_word' id='word_1_251' title='bbox 1487 1602 1568 1656; x_wconf 77' lang='lat'><strong>18,</strong></span> <span class='ocrx_word' id='word_1_252' title='bbox 1613 1602 1680 1644; x_wconf 66' lang='grc'><strong>11.</strong></span> <span class='ocrx_word' id='word_1_253' title='bbox 1712 1614 1814 1658; x_wconf 89' lang='lat' dir='ltr'><strong>quae</strong></span> <span class='ocrx_word' id='word_1_254' title='bbox 1851 1601 2064 1660; x_wconf 88' lang='lat' dir='ltr'><strong>possint</strong></span> <span class='ocrx_word' id='word_1_255' title='bbox 2103 1601 2259 1645; x_wconf 89' lang='lat' dir='ltr'><strong>oculos.</strong></span> <span class='ocrx_word' id='word_1_256' title='bbox 2289 1603 2361 1658; x_wconf 70' lang='lat'><strong>15,</strong></span> <span class='ocrx_word' id='word_1_257' title='bbox 2390 1604 2461 1646; x_wconf 66' lang='lat'><strong>²5.</strong></span> <span class='ocrx_word' id='word_1_258' title='bbox 2491 1615 2549 1645; x_wconf 88' lang='lat' dir='ltr'><strong>ac</strong></span> 
     </span>
     <span class='ocr_line' id='line_1_23' title="bbox 165 1668 2547 1751; baseline 0 -38"><span class='ocrx_word' id='word_1_259' title='bbox 165 1670 406 1713; x_wconf 86' lang='lat' dir='ltr'><strong>credere.</strong></span> <span class='ocrx_word' id='word_1_260' title='bbox 436 1671 509 1712; x_wconf 75' lang='lat'><strong>48.</strong></span> <span class='ocrx_word' id='word_1_261' title='bbox 540 1670 688 1711; x_wconf 88' lang='lat' dir='ltr'><strong>intra</strong></span> <span class='ocrx_word' id='word_1_262' title='bbox 727 1668 873 1711; x_wconf 84' lang='lat' dir='ltr'><strong>vilia.</strong></span> <span class='ocrx_word' id='word_1_263' title='bbox 903 1670 985 1724; x_wconf 89' lang='grc'><strong>16,</strong></span> <span class='ocrx_word' id='word_1_264' title='bbox 1021 1670 1093 1711; x_wconf 77' lang='lat'><strong>58.</strong></span> <span class='ocrx_word' id='word_1_265' title='bbox 1123 1668 1399 1727; x_wconf 77' lang='lat' dir='ltr'><strong>placatur.</strong></span> <span class='ocrx_word' id='word_1_266' title='bbox 1414 1670 1494 1723; x_wconf 75' lang='grc'><strong>17,</strong></span> <span class='ocrx_word' id='word_1_267' title='bbox 1523 1671 1593 1712; x_wconf 87' lang='grc'><strong>16.</strong></span> <span class='ocrx_word' id='word_1_268' title='bbox 1626 1682 1767 1725; x_wconf 73' lang='lat' dir='ltr'><strong>quom</strong></span> <span class='ocrx_word' id='word_1_269' title='bbox 1805 1674 1939 1712; x_wconf 87' lang='lat' dir='ltr'><strong>natus.</strong></span> <span class='ocrx_word' id='word_1_270' title='bbox 1968 1670 2039 1751; x_wconf 66' lang='lat'><strong>28.</strong></span> <span class='ocrx_word' id='word_1_271' title='bbox 2069 1669 2345 1726; x_wconf 79' lang='lat' dir='ltr'><strong>quodlibet</strong></span> <span class='ocrx_word' id='word_1_272' title='bbox 2371 1669 2547 1713; x_wconf 87' lang='lat' dir='ltr'><strong>indutus.</strong></span> 
     </span>
    </p>
   </div>
   <div class='ocr_carea' id='block_1_5' title="bbox 165 1735 576 1792">
    <p class='ocr_par' dir='ltr' id='par_1_6' title="bbox 165 1735 576 1792">
     <span class='ocr_line' id='line_1_24' title="bbox 165 1735 576 1792; baseline -0.003 -13"><span class='ocrx_word' id='word_1_273' title='bbox 165 1739 239 1791; x_wconf 83' lang='lat'><strong>18,</strong></span> <span class='ocrx_word' id='word_1_274' title='bbox 269 1739 341 1779; x_wconf 72' lang='lat'><strong>82.</strong></span> <span class='ocrx_word' id='word_1_275' title='bbox 371 1735 576 1792; x_wconf 90' lang='lat' dir='ltr'><strong>ecquid.</strong></span> 
     </span>
    </p>
   </div>
   <div class='ocr_carea' id='block_1_6' title="bbox 157 1840 2548 2400">
    <p class='ocr_par' dir='ltr' id='par_1_7' title="bbox 157 1840 2548 2400">
     <span class='ocr_line' id='line_1_25' title="bbox 280 1840 2546 1932; baseline 0.001 -19"><span class='ocrx_word' id='word_1_276' title='bbox 280 1873 330 1923; x_wconf 74' lang='grc'><strong>6)</strong></span> <span class='ocrx_word' id='word_1_277' title='bbox 358 1871 500 1916; x_wconf 70' lang='lat' dir='ltr'><strong>lsi-1.</strong></span> <span class='ocrx_word' id='word_1_278' title='bbox 530 1870 588 1917; x_wconf 75' lang='lat'><strong>8.</strong></span> <span class='ocrx_word' id='word_1_279' title='bbox 620 1869 803 1914; x_wconf 87' lang='lat' dir='ltr'><strong>Codex</strong></span> <span class='ocrx_word' id='word_1_280' title='bbox 830 1849 1223 1913; x_wconf 60' lang='lat' dir='ltr'><strong>Berolinensis</strong></span> <span class='ocrx_word' id='word_1_281' title='bbox 1252 1871 1294 1912; x_wconf 75' lang='lat'><strong>³.</strong></span> <span class='ocrx_word' id='word_1_282' title='bbox 1327 1840 1696 1932; x_wconf 77' lang='lat' dir='ltr'><strong>bibliothecae</strong></span> <span class='ocrx_word' id='word_1_283' title='bbox 1724 1869 1933 1927; x_wconf 87' lang='lat' dir='ltr'><strong>Regiae</strong></span> <span class='ocrx_word' id='word_1_284' title='bbox 1949 1870 2188 1915; x_wconf 83' lang='lat' dir='ltr'><strong>chartaceus</strong></span> <span class='ocrx_word' id='word_1_285' title='bbox 2214 1870 2405 1927; x_wconf 88' lang='lat' dir='ltr'><strong>inFolio,</strong></span> <span class='ocrx_word' id='word_1_286' title='bbox 2434 1873 2546 1931; x_wconf 84' lang='lat' dir='ltr'><strong>sign.</strong></span> 
     </span>
     <span class='ocr_line' id='line_1_26' title="bbox 164 1935 2548 1999; baseline 0.001 -18"><span class='ocrx_word' id='word_1_287' title='bbox 164 1938 242 1982; x_wconf 89' lang='lat' dir='ltr'><strong>Nr.</strong></span> <span class='ocrx_word' id='word_1_288' title='bbox 270 1939 340 1981; x_wconf 73' lang='lat'><strong>8⁰.</strong></span> <span class='ocrx_word' id='word_1_289' title='bbox 371 1937 588 1981; x_wconf 88' lang='lat' dir='ltr'><strong>Horatii</strong></span> <span class='ocrx_word' id='word_1_290' title='bbox 616 1938 798 1981; x_wconf 84' lang='lat' dir='ltr'><strong>Artem</strong></span> <span class='ocrx_word' id='word_1_291' title='bbox 829 1941 967 1996; x_wconf 86' lang='lat' dir='ltr'><strong>poet.</strong></span> <span class='ocrx_word' id='word_1_292' title='bbox 998 1937 1211 1981; x_wconf 77' lang='lat' dir='ltr'><strong>continens</strong></span> <span class='ocrx_word' id='word_1_293' title='bbox 1241 1951 1370 1995; x_wconf 87' lang='lat' dir='ltr'><strong>usque</strong></span> <span class='ocrx_word' id='word_1_294' title='bbox 1388 1935 1452 1980; x_wconf 66' lang='lat' dir='ltr'><strong>ad</strong></span> <span class='ocrx_word' id='word_1_295' title='bbox 1470 1938 1632 1980; x_wconf 61' lang='lat' dir='ltr'><strong>maoz.</strong></span> <span class='ocrx_word' id='word_1_296' title='bbox 1659 1936 1944 1981; x_wconf 83' lang='lat' dir='ltr'><strong>·Litterarum</strong></span> <span class='ocrx_word' id='word_1_297' title='bbox 1974 1936 2116 1982; x_wconf 89' lang='lat' dir='ltr'><strong>ductus</strong></span> <span class='ocrx_word' id='word_1_298' title='bbox 2135 1943 2176 1982; x_wconf 86' lang='lat' dir='ltr'><strong>et</strong></span> <span class='ocrx_word' id='word_1_299' title='bbox 2207 1943 2294 1982; x_wconf 89' lang='lat' dir='ltr'><strong>tota</strong></span> <span class='ocrx_word' id='word_1_300' title='bbox 2319 1939 2548 1999; x_wconf 78' lang='lat' dir='ltr'><strong>scripturae</strong></span> 
     </span>
     <span class='ocr_line' id='line_1_27' title="bbox 165 2004 2545 2065; baseline 0 -18"><span class='ocrx_word' id='word_1_301' title='bbox 165 2005 413 2064; x_wconf 88' lang='lat' dir='ltr'><strong>compendiis</strong></span> <span class='ocrx_word' id='word_1_302' title='bbox 445 2010 487 2047; x_wconf 88' lang='lat' dir='ltr'><strong>et</strong></span> <span class='ocrx_word' id='word_1_303' title='bbox 501 2005 623 2063; x_wconf 86' lang='lat' dir='ltr'><strong>siglis</strong></span> <span class='ocrx_word' id='word_1_304' title='bbox 654 2005 854 2048; x_wconf 80' lang='lat' dir='ltr'><strong>distortae</strong></span> <span class='ocrx_word' id='word_1_305' title='bbox 874 2005 1008 2047; x_wconf 78' lang='lat' dir='ltr'><strong>facies</strong></span> <span class='ocrx_word' id='word_1_306' title='bbox 1039 2005 1256 2047; x_wconf 87' lang='lat' dir='ltr'><strong>saeculo</strong></span> <span class='ocrx_word' id='word_1_307' title='bbox 1285 2004 1391 2049; x_wconf 89' lang='lat' dir='ltr'><strong>XV.</strong></span> <span class='ocrx_word' id='word_1_308' title='bbox 1421 2009 1651 2046; x_wconf 85' lang='lat' dir='ltr'><strong>exeunte</strong></span> <span class='ocrx_word' id='word_1_309' title='bbox 1680 2019 1764 2047; x_wconf 89' lang='lat' dir='ltr'><strong>non</strong></span> <span class='ocrx_word' id='word_1_310' title='bbox 1782 2006 2050 2048; x_wconf 79' lang='lat' dir='ltr'><strong>vetustiorem</strong></span> <span class='ocrx_word' id='word_1_311' title='bbox 2065 2020 2163 2048; x_wconf 90' lang='lat' dir='ltr'><strong>esse</strong></span> <span class='ocrx_word' id='word_1_312' title='bbox 2176 2007 2366 2065; x_wconf 84' lang='lat' dir='ltr'><strong>probant.</strong></span> <span class='ocrx_word' id='word_1_313' title='bbox 2392 2007 2545 2050; x_wconf 82' lang='lat' dir='ltr'><strong>Lectio</strong></span> 
     </span>
     <span class='ocr_line' id='line_1_28' title="bbox 161 2072 2545 2134; baseline 0.001 -19"><span class='ocrx_word' id='word_1_314' title='bbox 161 2073 295 2116; x_wconf 86' lang='lat' dir='ltr'><strong>multis</strong></span> <span class='ocrx_word' id='word_1_315' title='bbox 334 2073 439 2116; x_wconf 89' lang='lat' dir='ltr'><strong>locis</strong></span> <span class='ocrx_word' id='word_1_316' title='bbox 481 2078 674 2131; x_wconf 89' lang='lat' dir='ltr'><strong>corrupta</strong></span> <span class='ocrx_word' id='word_1_317' title='bbox 711 2088 759 2115; x_wconf 90' lang='lat' dir='ltr'><strong>ac</strong></span> <span class='ocrx_word' id='word_1_318' title='bbox 797 2073 950 2116; x_wconf 85' lang='lat' dir='ltr'><strong>vitiosa</strong></span> <span class='ocrx_word' id='word_1_319' title='bbox 988 2077 1031 2115; x_wconf 89' lang='lat' dir='ltr'><strong>et</strong></span> <span class='ocrx_word' id='word_1_320' title='bbox 1067 2073 1161 2130; x_wconf 89' lang='lat' dir='ltr'><strong>ipsa</strong></span> <span class='ocrx_word' id='word_1_321' title='bbox 1201 2072 1523 2131; x_wconf 85' lang='lat' dir='ltr'><strong>orthographiae</strong></span> <span class='ocrx_word' id='word_1_322' title='bbox 1560 2073 1668 2116; x_wconf 87' lang='lat' dir='ltr'><strong>ratio</strong></span> <span class='ocrx_word' id='word_1_323' title='bbox 1709 2072 1806 2132; x_wconf 86' lang='lat' dir='ltr'><strong>(ph.</strong></span> <span class='ocrx_word' id='word_1_324' title='bbox 1844 2088 1921 2132; x_wconf 90' lang='lat' dir='ltr'><strong>pro</strong></span> <span class='ocrx_word' id='word_1_325' title='bbox 1950 2088 1978 2116; x_wconf 84' lang='lat' dir='ltr'>v</span> <span class='ocrx_word' id='word_1_326' title='bbox 2006 2074 2173 2133; x_wconf 89' lang='lat' dir='ltr'><strong>saepius</strong></span> <span class='ocrx_word' id='word_1_327' title='bbox 2183 2078 2274 2129; x_wconf 52' lang='lat' dir='ltr'><strong>,Qut</strong></span> <span class='ocrx_word' id='word_1_328' title='bbox 2314 2074 2545 2134; x_wconf 77' lang='lat' dir='ltr'><strong>arphnm,</strong></span> 
     </span>
     <span class='ocr_line' id='line_1_29' title="bbox 161 2139 2544 2199; baseline 0.001 -17"><span class='ocrx_word' id='word_1_329' title='bbox 161 2140 362 2199; x_wconf 87' lang='lat' dir='ltr'><strong>olipha)</strong></span> <span class='ocrx_word' id='word_1_330' title='bbox 394 2141 573 2184; x_wconf 78' lang='lat' dir='ltr'><strong>scribam</strong></span> <span class='ocrx_word' id='word_1_331' title='bbox 611 2140 817 2183; x_wconf 88' lang='lat' dir='ltr'><strong>indoctum</strong></span> <span class='ocrx_word' id='word_1_332' title='bbox 847 2144 890 2182; x_wconf 86' lang='lat' dir='ltr'><strong>et</strong></span> <span class='ocrx_word' id='word_1_333' title='bbox 915 2139 1198 2197; x_wconf 84' lang='lat' dir='ltr'><strong>indiligentem</strong></span> <span class='ocrx_word' id='word_1_334' title='bbox 1233 2139 1385 2199; x_wconf 82' lang='lat' dir='ltr'><strong>prodit.</strong></span> <span class='ocrx_word' id='word_1_335' title='bbox 1425 2140 1584 2183; x_wconf 91' lang='lat' dir='ltr'><strong>michi</strong></span> <span class='ocrx_word' id='word_1_336' title='bbox 1622 2153 1779 2197; x_wconf 86' lang='lat' dir='ltr'><strong>quoque</strong></span> <span class='ocrx_word' id='word_1_337' title='bbox 1815 2140 1993 2199; x_wconf 85' lang='lat' dir='ltr'><strong>legitur,</strong></span> <span class='ocrx_word' id='word_1_338' title='bbox 2021 2146 2066 2184; x_wconf 92' lang='lat' dir='ltr'><strong>et</strong></span> <span class='ocrx_word' id='word_1_339' title='bbox 2091 2142 2276 2185; x_wconf 89' lang='lat' dir='ltr'><strong>nichil.</strong></span> <span class='ocrx_word' id='word_1_340' title='bbox 2334 2141 2544 2194; x_wconf 83' lang='lat' dir='ltr'><strong>Quaedam</strong></span> 
     </span>
     <span class='ocr_line' id='line_1_30' title="bbox 158 2206 2545 2267; baseline 0.001 -16"><span class='ocrx_word' id='word_1_341' title='bbox 158 2214 293 2251; x_wconf 88' lang='lat' dir='ltr'><strong>tamen</strong></span> <span class='ocrx_word' id='word_1_342' title='bbox 341 2209 511 2267; x_wconf 88' lang='lat' dir='ltr'><strong>propria</strong></span> <span class='ocrx_word' id='word_1_343' title='bbox 549 2208 701 2262; x_wconf 87' lang='lat' dir='ltr'><strong>hahet,</strong></span> <span class='ocrx_word' id='word_1_344' title='bbox 739 2212 785 2250; x_wconf 89' lang='lat' dir='ltr'><strong>ut</strong></span> <span class='ocrx_word' id='word_1_345' title='bbox 824 2210 922 2251; x_wconf 85' lang='grc'><strong>146.</strong></span> <span class='ocrx_word' id='word_1_346' title='bbox 969 2208 1019 2250; x_wconf 91' lang='lat' dir='ltr'><strong>ab</strong></span> <span class='ocrx_word' id='word_1_347' title='bbox 1063 2207 1230 2250; x_wconf 88' lang='lat' dir='ltr'><strong>interitu</strong></span> <span class='ocrx_word' id='word_1_348' title='bbox 1257 2206 1506 2251; x_wconf 82' lang='lat' dir='ltr'><strong>Menelai.</strong></span> <span class='ocrx_word' id='word_1_349' title='bbox 1544 2209 1643 2251; x_wconf 73' lang='lat' dir='ltr'><strong>m.</strong></span> <span class='ocrx_word' id='word_1_350' title='bbox 1680 2207 1816 2266; x_wconf 86' lang='lat' dir='ltr'><strong>lepido</strong></span> <span class='ocrx_word' id='word_1_351' title='bbox 1854 2223 2059 2267; x_wconf 88' lang='lat' dir='ltr'><strong>seponere</strong></span> <span class='ocrx_word' id='word_1_352' title='bbox 2097 2209 2307 2253; x_wconf 85' lang='lat' dir='ltr'><strong>dictum.</strong></span> <span class='ocrx_word' id='word_1_353' title='bbox 2347 2210 2449 2253; x_wconf 68' lang='lat'><strong>446.</strong></span> <span class='ocrx_word' id='word_1_354' title='bbox 2478 2210 2545 2253; x_wconf 84' lang='lat' dir='ltr'><strong>vir</strong></span> 
     </span>
     <span class='ocr_line' id='line_1_31' title="bbox 157 2274 2541 2337; baseline 0 -17"><span class='ocrx_word' id='word_1_355' title='bbox 157 2276 289 2320; x_wconf 89' lang='lat' dir='ltr'><strong>honus</strong></span> <span class='ocrx_word' id='word_1_356' title='bbox 320 2280 362 2320; x_wconf 88' lang='lat' dir='ltr'><strong>et</strong></span> <span class='ocrx_word' id='word_1_357' title='bbox 392 2276 634 2336; x_wconf 89' lang='lat' dir='ltr'><strong>sapiens.</strong></span> <span class='ocrx_word' id='word_1_358' title='bbox 664 2277 764 2320; x_wconf 77' lang='grc'><strong>447.</strong></span> <span class='ocrx_word' id='word_1_359' title='bbox 797 2275 1014 2319; x_wconf 89' lang='lat' dir='ltr'><strong>ambitiosa</strong></span> <span class='ocrx_word' id='word_1_360' title='bbox 1042 2274 1345 2329; x_wconf 89' lang='lat' dir='ltr'><strong>rescindet;</strong></span> <span class='ocrx_word' id='word_1_361' title='bbox 1374 2280 1419 2319; x_wconf 93' lang='lat' dir='ltr'><strong>ut</strong></span> <span class='ocrx_word' id='word_1_362' title='bbox 1447 2289 1502 2320; x_wconf 86' lang='lat' dir='ltr'><strong>ex</strong></span> <span class='ocrx_word' id='word_1_363' title='bbox 1531 2274 1672 2320; x_wconf 85' lang='lat' dir='ltr'><strong>codice</strong></span> <span class='ocrx_word' id='word_1_364' title='bbox 1702 2275 1835 2334; x_wconf 88' lang='lat' dir='ltr'><strong>aliquo</strong></span> <span class='ocrx_word' id='word_1_365' title='bbox 1865 2276 2092 2322; x_wconf 81' lang='lat' dir='ltr'><strong>vetustiore</strong></span> <span class='ocrx_word' id='word_1_366' title='bbox 2117 2276 2366 2337; x_wconf 86' lang='lat' dir='ltr'><strong>descriptum</strong></span> <span class='ocrx_word' id='word_1_367' title='bbox 2393 2281 2541 2337; x_wconf 83' lang='lat' dir='ltr'><strong>putem.</strong></span> 
     </span>
     <span class='ocr_line' id='line_1_32' title="bbox 160 2342 1750 2400; baseline -0.001 -15"><span class='ocrx_word' id='word_1_368' title='bbox 160 2343 329 2385; x_wconf 88' lang='lat' dir='ltr'><strong>Scholia</strong></span> <span class='ocrx_word' id='word_1_369' title='bbox 357 2344 493 2390; x_wconf 83' lang='lat' dir='ltr'><strong>multa</strong></span> <span class='ocrx_word' id='word_1_370' title='bbox 508 2343 562 2385; x_wconf 92' lang='lat' dir='ltr'><strong>ad</strong></span> <span class='ocrx_word' id='word_1_371' title='bbox 590 2344 819 2400; x_wconf 88' lang='lat' dir='ltr'><strong>marginem</strong></span> <span class='ocrx_word' id='word_1_372' title='bbox 851 2342 1059 2400; x_wconf 90' lang='lat' dir='ltr'><strong>adscripta</strong></span> <span class='ocrx_word' id='word_1_373' title='bbox 1088 2348 1196 2397; x_wconf 91' lang='lat' dir='ltr'><strong>sunt,</strong></span> <span class='ocrx_word' id='word_1_374' title='bbox 1228 2342 1302 2385; x_wconf 92' lang='lat' dir='ltr'><strong>sed</strong></span> <span class='ocrx_word' id='word_1_375' title='bbox 1336 2343 1456 2400; x_wconf 88' lang='lat' dir='ltr'><strong>parvi</strong></span> <span class='ocrx_word' id='word_1_376' title='bbox 1485 2343 1750 2386; x_wconf 86' lang='lat' dir='ltr'><strong>aestimanda.</strong></span> 
     </span>
    </p>
   </div>
   <div class='ocr_carea' id='block_1_7' title="bbox 154 2475 2542 3146">
    <p class='ocr_par' dir='ltr' id='par_1_8' title="bbox 154 2475 2542 3146">
     <span class='ocr_line' id='line_1_33' title="bbox 271 2475 2540 2536; baseline 0 -16"><span class='ocrx_word' id='word_1_377' title='bbox 271 2479 349 2532; x_wconf 91' lang='grc'><strong>16)</strong></span> <span class='ocrx_word' id='word_1_378' title='bbox 377 2477 520 2524; x_wconf 78' lang='lat' dir='ltr'><strong>Brl.</strong></span> <span class='ocrx_word' id='word_1_379' title='bbox 536 2477 593 2523; x_wconf 75' lang='lat'><strong>4.</strong></span> <span class='ocrx_word' id='word_1_380' title='bbox 626 2475 1210 2522; x_wconf 80' lang='lat' dir='ltr'><strong>CodexBerolinensis</strong></span> <span class='ocrx_word' id='word_1_381' title='bbox 1227 2478 1270 2520; x_wconf 89' lang='lat'><strong>4.</strong></span> <span class='ocrx_word' id='word_1_382' title='bbox 1300 2477 1667 2522; x_wconf 83' lang='lat' dir='ltr'><strong>bibliothecae</strong></span> <span class='ocrx_word' id='word_1_383' title='bbox 1696 2477 1905 2536; x_wconf 87' lang='lat' dir='ltr'><strong>Regiae</strong></span> <span class='ocrx_word' id='word_1_384' title='bbox 1924 2478 2164 2522; x_wconf 84' lang='lat' dir='ltr'><strong>chartaceus</strong></span> <span class='ocrx_word' id='word_1_385' title='bbox 2186 2479 2229 2522; x_wconf 90' lang='lat' dir='ltr'><strong>in</strong></span> <span class='ocrx_word' id='word_1_386' title='bbox 2243 2478 2338 2522; x_wconf 92' lang='lat' dir='ltr'><strong>Fol.</strong></span> <span class='ocrx_word' id='word_1_387' title='bbox 2354 2491 2378 2521; x_wconf 85' lang='lat' dir='ltr'><strong>e</strong></span> <span class='ocrx_word' id='word_1_388' title='bbox 2397 2479 2540 2522; x_wconf 87' lang='lat' dir='ltr'><strong>msctis</strong></span> 
     </span>
     <span class='ocr_line' id='line_1_34' title="bbox 158 2544 2542 2605; baseline 0.002 -19"><span class='ocrx_word' id='word_1_389' title='bbox 158 2545 301 2586; x_wconf 90' lang='lat' dir='ltr'><strong>Diezii</strong></span> <span class='ocrx_word' id='word_1_390' title='bbox 338 2547 447 2603; x_wconf 92' lang='lat' dir='ltr'><strong>sign.</strong></span> <span class='ocrx_word' id='word_1_391' title='bbox 479 2546 558 2591; x_wconf 90' lang='lat' dir='ltr'><strong>Nr.</strong></span> <span class='ocrx_word' id='word_1_392' title='bbox 587 2546 622 2589; x_wconf 93' lang='lat' dir='ltr'><strong>I.</strong></span> <span class='ocrx_word' id='word_1_393' title='bbox 651 2547 696 2588; x_wconf 92' lang='lat' dir='ltr'><strong>in</strong></span> <span class='ocrx_word' id='word_1_394' title='bbox 736 2545 869 2604; x_wconf 89' lang='lat' dir='ltr'><strong>amplo</strong></span> <span class='ocrx_word' id='word_1_395' title='bbox 909 2544 1111 2587; x_wconf 83' lang='lat' dir='ltr'><strong>volumine</strong></span> <span class='ocrx_word' id='word_1_396' title='bbox 1139 2545 1289 2588; x_wconf 88' lang='lat' dir='ltr'>XXIII</span> <span class='ocrx_word' id='word_1_397' title='bbox 1325 2546 1533 2588; x_wconf 81' lang='lat' dir='ltr'><strong>variorum</strong></span> <span class='ocrx_word' id='word_1_398' title='bbox 1573 2546 1817 2603; x_wconf 89' lang='lat' dir='ltr'><strong>scriptorum</strong></span> <span class='ocrx_word' id='word_1_399' title='bbox 1855 2559 1984 2603; x_wconf 87' lang='lat' dir='ltr'><strong>opera</strong></span> <span class='ocrx_word' id='word_1_400' title='bbox 2020 2547 2167 2604; x_wconf 91' lang='lat' dir='ltr'><strong>partim</strong></span> <span class='ocrx_word' id='word_1_401' title='bbox 2194 2551 2367 2605; x_wconf 89' lang='lat' dir='ltr'><strong>mscpta,</strong></span> <span class='ocrx_word' id='word_1_402' title='bbox 2395 2547 2542 2605; x_wconf 88' lang='lat' dir='ltr'><strong>partim</strong></span> 
     </span>
     <span class='ocr_line' id='line_1_35' title="bbox 161 2611 2540 2673; baseline 0.001 -19"><span class='ocrx_word' id='word_1_403' title='bbox 161 2612 274 2669; x_wconf 80' lang='lat' dir='ltr'><strong>typis</strong></span> <span class='ocrx_word' id='word_1_404' title='bbox 305 2613 380 2655; x_wconf 87' lang='lat' dir='ltr'><strong>sub</strong></span> <span class='ocrx_word' id='word_1_405' title='bbox 418 2627 529 2663; x_wconf 71' lang='lat' dir='ltr'><strong>saec.</strong></span> <span class='ocrx_word' id='word_1_406' title='bbox 557 2613 676 2660; x_wconf 87' lang='lat' dir='ltr'><strong>XVI.</strong></span> <span class='ocrx_word' id='word_1_407' title='bbox 703 2614 864 2657; x_wconf 87' lang='lat' dir='ltr'><strong>initium</strong></span> <span class='ocrx_word' id='word_1_408' title='bbox 894 2625 1112 2670; x_wconf 87' lang='lat' dir='ltr'><strong>expressa,</strong></span> <span class='ocrx_word' id='word_1_409' title='bbox 1141 2612 1253 2656; x_wconf 83' lang='lat' dir='ltr'><strong>velut</strong></span> <span class='ocrx_word' id='word_1_410' title='bbox 1271 2611 1431 2657; x_wconf 83' lang='lat' dir='ltr'><strong>Sedulii</strong></span> <span class='ocrx_word' id='word_1_411' title='bbox 1460 2613 1655 2668; x_wconf 90' lang='lat' dir='ltr'><strong>carmina,</strong></span> <span class='ocrx_word' id='word_1_412' title='bbox 1683 2611 1902 2657; x_wconf 87' lang='lat' dir='ltr'><strong>Boethium</strong></span> <span class='ocrx_word' id='word_1_413' title='bbox 1918 2612 1968 2657; x_wconf 88' lang='lat' dir='ltr'><strong>de</strong></span> <span class='ocrx_word' id='word_1_414' title='bbox 1983 2613 2141 2660; x_wconf 87' lang='lat' dir='ltr'><strong>consol.</strong></span> <span class='ocrx_word' id='word_1_415' title='bbox 2162 2613 2359 2673; x_wconf 77' lang='lat' dir='ltr'><strong>philos-et</strong></span> <span class='ocrx_word' id='word_1_416' title='bbox 2376 2628 2412 2658; x_wconf 85' lang='lat' dir='ltr'><strong>c.</strong></span> <span class='ocrx_word' id='word_1_417' title='bbox 2430 2627 2540 2657; x_wconf 91' lang='lat' dir='ltr'><strong>com-</strong></span> 
     </span>
     <span class='ocr_line' id='line_1_36' title="bbox 157 2678 2538 2741; baseline 0.001 -20"><span class='ocrx_word' id='word_1_418' title='bbox 157 2678 368 2738; x_wconf 86' lang='lat' dir='ltr'><strong>plectitur.</strong></span> <span class='ocrx_word' id='word_1_419' title='bbox 397 2679 576 2733; x_wconf 60' lang='lat' dir='ltr'><strong>⁴In--his</strong></span> <span class='ocrx_word' id='word_1_420' title='bbox 616 2682 739 2726; x_wconf 86' lang='lat' dir='ltr'><strong>etiam</strong></span> <span class='ocrx_word' id='word_1_421' title='bbox 766 2679 992 2724; x_wconf 89' lang='lat' dir='ltr'><strong>Horatii</strong></span> <span class='ocrx_word' id='word_1_422' title='bbox 1019 2678 1193 2724; x_wconf 84' lang='lat' dir='ltr'><strong>Artem</strong></span> <span class='ocrx_word' id='word_1_423' title='bbox 1221 2685 1359 2740; x_wconf 82' lang='lat' dir='ltr'><strong>poet.</strong></span> <span class='ocrx_word' id='word_1_424' title='bbox 1390 2694 1530 2740; x_wconf 87' lang='lat' dir='ltr'><strong>apag.</strong></span> <span class='ocrx_word' id='word_1_425' title='bbox 1550 2682 1628 2724; x_wconf 77' lang='lat'><strong>281</strong></span> <span class='ocrx_word' id='word_1_426' title='bbox 1665 2695 1753 2724; x_wconf 90' lang='lat' dir='ltr'><strong>cum</strong></span> <span class='ocrx_word' id='word_1_427' title='bbox 1783 2681 1953 2725; x_wconf 86' lang='lat' dir='ltr'><strong>scholiis</strong></span> <span class='ocrx_word' id='word_1_428' title='bbox 1983 2680 2037 2725; x_wconf 91' lang='lat' dir='ltr'><strong>ad</strong></span> <span class='ocrx_word' id='word_1_429' title='bbox 2053 2682 2279 2741; x_wconf 80' lang='lat' dir='ltr'><strong>marginem</strong></span> <span class='ocrx_word' id='word_1_430' title='bbox 2309 2685 2352 2725; x_wconf 89' lang='lat' dir='ltr'><strong>et</strong></span> <span class='ocrx_word' id='word_1_431' title='bbox 2379 2681 2538 2740; x_wconf 86' lang='lat' dir='ltr'><strong>glossis</strong></span> 
     </span>
     <span class='ocr_line' id='line_1_37' title="bbox 157 2741 2540 2809; baseline 0.001 -20"><span class='ocrx_word' id='word_1_432' title='bbox 157 2748 268 2790; x_wconf 90' lang='lat' dir='ltr'><strong>inter</strong></span> <span class='ocrx_word' id='word_1_433' title='bbox 296 2748 445 2791; x_wconf 84' lang='lat' dir='ltr'><strong>lineas.</strong></span> <span class='ocrx_word' id='word_1_434' title='bbox 476 2747 729 2791; x_wconf 87' lang='lat' dir='ltr'><strong>Litterarum</strong></span> <span class='ocrx_word' id='word_1_435' title='bbox 768 2749 911 2791; x_wconf 90' lang='lat' dir='ltr'><strong>ductus</strong></span> <span class='ocrx_word' id='word_1_436' title='bbox 937 2741 1231 2806; x_wconf 80' lang='lat' dir='ltr'><strong>etscripturae</strong></span> <span class='ocrx_word' id='word_1_437' title='bbox 1256 2748 1496 2808; x_wconf 77' lang='lat' dir='ltr'><strong>compendia</strong></span> <span class='ocrx_word' id='word_1_438' title='bbox 1523 2762 1612 2791; x_wconf 81' lang='lat' dir='ltr'><strong>cum</strong></span> <span class='ocrx_word' id='word_1_439' title='bbox 1639 2748 1781 2793; x_wconf 89' lang='lat' dir='ltr'><strong>Berol.</strong></span> <span class='ocrx_word' id='word_1_440' title='bbox 1812 2751 1856 2794; x_wconf 76' lang='lat'><strong>8.</strong></span> <span class='ocrx_word' id='word_1_441' title='bbox 1883 2750 2095 2809; x_wconf 84' lang='lat' dir='ltr'><strong>plurimum</strong></span> <span class='ocrx_word' id='word_1_442' title='bbox 2124 2750 2384 2800; x_wconf 80' lang='lat' dir='ltr'><strong>conveniunt,</strong></span> <span class='ocrx_word' id='word_1_443' title='bbox 2414 2763 2540 2806; x_wconf 86' lang='lat' dir='ltr'><strong>quare</strong></span> 
     </span>
     <span class='ocr_line' id='line_1_38' title="bbox 159 2812 2537 2874; baseline 0 -17"><span class='ocrx_word' id='word_1_444' title='bbox 159 2814 384 2857; x_wconf 86' lang='lat' dir='ltr'><strong>saeculo</strong></span> <span class='ocrx_word' id='word_1_445' title='bbox 415 2812 515 2859; x_wconf 87' lang='lat' dir='ltr'><strong>XV.</strong></span> <span class='ocrx_word' id='word_1_446' title='bbox 548 2816 768 2858; x_wconf 87' lang='lat' dir='ltr'><strong>exeunti</strong></span> <span class='ocrx_word' id='word_1_447' title='bbox 797 2820 839 2858; x_wconf 88' lang='lat' dir='ltr'><strong>et</strong></span> <span class='ocrx_word' id='word_1_448' title='bbox 865 2816 974 2857; x_wconf 90' lang='lat' dir='ltr'><strong>hunc</strong></span> <span class='ocrx_word' id='word_1_449' title='bbox 1005 2813 1182 2858; x_wconf 88' lang='lat' dir='ltr'><strong>codicem</strong></span> <span class='ocrx_word' id='word_1_450' title='bbox 1213 2817 1403 2859; x_wconf 88' lang='lat' dir='ltr'><strong>attribuo.</strong></span> <span class='ocrx_word' id='word_1_451' title='bbox 1464 2814 1657 2859; x_wconf 88' lang='lat' dir='ltr'><strong>Ceterum</strong></span> <span class='ocrx_word' id='word_1_452' title='bbox 1687 2830 1711 2859; x_wconf 92' lang='lat' dir='ltr'><strong>e</strong></span> <span class='ocrx_word' id='word_1_453' title='bbox 1741 2816 1882 2860; x_wconf 89' lang='lat' dir='ltr'><strong>codice</strong></span> <span class='ocrx_word' id='word_1_454' title='bbox 1900 2822 2047 2872; x_wconf 90' lang='lat' dir='ltr'><strong>mscto,</strong></span> <span class='ocrx_word' id='word_1_455' title='bbox 2076 2831 2160 2860; x_wconf 91' lang='lat' dir='ltr'><strong>non</strong></span> <span class='ocrx_word' id='word_1_456' title='bbox 2177 2817 2321 2859; x_wconf 87' lang='lat' dir='ltr'><strong>elihro</strong></span> <span class='ocrx_word' id='word_1_457' title='bbox 2338 2816 2448 2874; x_wconf 87' lang='lat' dir='ltr'><strong>typis</strong></span> <span class='ocrx_word' id='word_1_458' title='bbox 2464 2830 2537 2858; x_wconf 87' lang='lat' dir='ltr'><strong>ex-</strong></span> 
     </span>
     <span class='ocr_line' id='line_1_39' title="bbox 154 2882 2540 2943; baseline 0 -18"><span class='ocrx_word' id='word_1_459' title='bbox 154 2895 309 2938; x_wconf 88' lang='lat' dir='ltr'><strong>presso</strong></span> <span class='ocrx_word' id='word_1_460' title='bbox 323 2882 645 2941; x_wconf 74' lang='lat' dir='ltr'><strong>transscriptum</strong></span> <span class='ocrx_word' id='word_1_461' title='bbox 674 2896 786 2937; x_wconf 89' lang='lat' dir='ltr'><strong>esse,</strong></span> <span class='ocrx_word' id='word_1_462' title='bbox 815 2882 986 2941; x_wconf 87' lang='lat' dir='ltr'><strong>propria</strong></span> <span class='ocrx_word' id='word_1_463' title='bbox 1012 2883 1215 2927; x_wconf 87' lang='lat' dir='ltr'><strong>nonnullis</strong></span> <span class='ocrx_word' id='word_1_464' title='bbox 1243 2884 1349 2928; x_wconf 90' lang='lat' dir='ltr'><strong>locis</strong></span> <span class='ocrx_word' id='word_1_465' title='bbox 1370 2884 1562 2928; x_wconf 87' lang='lat' dir='ltr'><strong>lectionis</strong></span> <span class='ocrx_word' id='word_1_466' title='bbox 1583 2883 1744 2927; x_wconf 88' lang='lat' dir='ltr'><strong>indoles</strong></span> <span class='ocrx_word' id='word_1_467' title='bbox 1760 2885 1923 2943; x_wconf 86' lang='lat' dir='ltr'><strong>prohat,</strong></span> <span class='ocrx_word' id='word_1_468' title='bbox 1952 2891 1998 2928; x_wconf 91' lang='lat' dir='ltr'><strong>ut</strong></span> <span class='ocrx_word' id='word_1_469' title='bbox 2013 2899 2053 2927; x_wconf 84' lang='lat' dir='ltr'><strong>v.</strong></span> <span class='ocrx_word' id='word_1_470' title='bbox 2071 2886 2168 2927; x_wconf 74' lang='lat'><strong>188.</strong></span> <span class='ocrx_word' id='word_1_471' title='bbox 2199 2882 2364 2938; x_wconf 85' lang='lat' dir='ltr'><strong>„Quid</strong></span> <span class='ocrx_word' id='word_1_472' title='bbox 2392 2883 2540 2926; x_wconf 78' lang='lat' dir='ltr'><strong>feret</strong></span> 
     </span>
     <span class='ocr_line' id='line_1_40' title="bbox 155 2949 2538 3011; baseline 0.001 -20"><span class='ocrx_word' id='word_1_473' title='bbox 155 2950 240 2993; x_wconf 88' lang='lat' dir='ltr'><strong>hic</strong></span> <span class='ocrx_word' id='word_1_474' title='bbox 285 2949 495 3008; x_wconf 86' lang='lat' dir='ltr'><strong>dignum</strong></span> <span class='ocrx_word' id='word_1_475' title='bbox 534 2955 685 2993; x_wconf 85' lang='lat' dir='ltr'><strong>tanto</strong></span> <span class='ocrx_word' id='word_1_476' title='bbox 729 2950 1034 3007; x_wconf 86' lang='lat' dir='ltr'><strong>promissor</strong></span> <span class='ocrx_word' id='word_1_477' title='bbox 1060 2949 1266 2994; x_wconf 68' lang='lat' dir='ltr'><strong>hiatn‘l“</strong></span> <span class='ocrx_word' id='word_1_478' title='bbox 1338 2951 1555 3011; x_wconf 86' lang='lat' dir='ltr'><strong>Scriptura</strong></span> <span class='ocrx_word' id='word_1_479' title='bbox 1589 2953 1634 2995; x_wconf 90' lang='lat' dir='ltr'><strong>in</strong></span> <span class='ocrx_word' id='word_1_480' title='bbox 1671 2952 1842 2995; x_wconf 82' lang='lat' dir='ltr'><strong>vocibus</strong></span> <span class='ocrx_word' id='word_1_481' title='bbox 1870 2952 1977 3011; x_wconf 88' lang='lat' dir='ltr'><strong>ipsis</strong></span> <span class='ocrx_word' id='word_1_482' title='bbox 2004 2950 2200 3009; x_wconf 88' lang='lat' dir='ltr'><strong>pauciora</strong></span> <span class='ocrx_word' id='word_1_483' title='bbox 2228 2949 2353 2994; x_wconf 86' lang='lat' dir='ltr'><strong>hahet</strong></span> <span class='ocrx_word' id='word_1_484' title='bbox 2381 2954 2538 3006; x_wconf 90' lang='lat' dir='ltr'><strong>errata,</strong></span> 
     </span>
     <span class='ocr_line' id='line_1_41' title="bbox 156 3014 2540 3079; baseline 0 -18"><span class='ocrx_word' id='word_1_485' title='bbox 156 3016 233 3061; x_wconf 87' lang='lat' dir='ltr'><strong>sed</strong></span> <span class='ocrx_word' id='word_1_486' title='bbox 273 3017 474 3076; x_wconf 83' lang='lat' dir='ltr'><strong>permulta</strong></span> <span class='ocrx_word' id='word_1_487' title='bbox 507 3019 554 3063; x_wconf 91' lang='lat' dir='ltr'><strong>in</strong></span> <span class='ocrx_word' id='word_1_488' title='bbox 590 3016 770 3073; x_wconf 87' lang='lat' dir='ltr'><strong>litteris,</strong></span> <span class='ocrx_word' id='word_1_489' title='bbox 807 3016 852 3060; x_wconf 93' lang='lat' dir='ltr'><strong>in</strong></span> <span class='ocrx_word' id='word_1_490' title='bbox 880 3016 1024 3074; x_wconf 87' lang='lat' dir='ltr'><strong>quihus</strong></span> <span class='ocrx_word' id='word_1_491' title='bbox 1054 3014 1082 3059; x_wconf 86' lang='lat' dir='ltr'><strong>d</strong></span> <span class='ocrx_word' id='word_1_492' title='bbox 1109 3022 1151 3060; x_wconf 90' lang='lat' dir='ltr'><strong>et</strong></span> <span class='ocrx_word' id='word_1_493' title='bbox 1178 3022 1210 3073; x_wconf 93' lang='lat' dir='ltr'><strong>t,</strong></span> <span class='ocrx_word' id='word_1_494' title='bbox 1247 3018 1282 3075; x_wconf 85' lang='lat' dir='ltr'><strong>f,</strong></span> <span class='ocrx_word' id='word_1_495' title='bbox 1311 3019 1382 3079; x_wconf 90' lang='lat' dir='ltr'><strong>ph,</strong></span> <span class='ocrx_word' id='word_1_496' title='bbox 1410 3034 1438 3063; x_wconf 79' lang='lat' dir='ltr'>v</span> <span class='ocrx_word' id='word_1_497' title='bbox 1467 3019 1712 3079; x_wconf 88' lang='lat' dir='ltr'><strong>saepissime</strong></span> <span class='ocrx_word' id='word_1_498' title='bbox 1742 3021 2036 3063; x_wconf 89' lang='lat' dir='ltr'><strong>commutantur</strong></span> <span class='ocrx_word' id='word_1_499' title='bbox 2065 3018 2124 3073; x_wconf 85' lang='lat' dir='ltr'><strong>(v.</strong></span> <span class='ocrx_word' id='word_1_500' title='bbox 2156 3030 2193 3061; x_wconf 89' lang='lat' dir='ltr'><strong>c.</strong></span> <span class='ocrx_word' id='word_1_501' title='bbox 2222 3016 2431 3073; x_wconf 86' lang='lat' dir='ltr'><strong>ficium,</strong></span> <span class='ocrx_word' id='word_1_502' title='bbox 2468 3017 2540 3062; x_wconf 82' lang='lat' dir='ltr'><strong>vi-</strong></span> 
     </span>
     <span class='ocr_line' id='line_1_42' title="bbox 156 3084 2538 3146; baseline 0 -18"><span class='ocrx_word' id='word_1_503' title='bbox 156 3084 325 3138; x_wconf 88' lang='lat' dir='ltr'><strong>dibus,</strong></span> <span class='ocrx_word' id='word_1_504' title='bbox 351 3084 583 3141; x_wconf 78' lang='lat' dir='ltr'><strong>Catmns,</strong></span> <span class='ocrx_word' id='word_1_505' title='bbox 607 3084 948 3144; x_wconf 87' lang='lat' dir='ltr'><strong>nepharius),</strong></span> <span class='ocrx_word' id='word_1_506' title='bbox 974 3089 1020 3127; x_wconf 91' lang='lat' dir='ltr'><strong>ut</strong></span> <span class='ocrx_word' id='word_1_507' title='bbox 1044 3088 1196 3128; x_wconf 85' lang='lat' dir='ltr'><strong>textum</strong></span> <span class='ocrx_word' id='word_1_508' title='bbox 1219 3087 1270 3129; x_wconf 88' lang='lat' dir='ltr'><strong>ab</strong></span> <span class='ocrx_word' id='word_1_509' title='bbox 1290 3087 1477 3146; x_wconf 87' lang='lat' dir='ltr'><strong>imperito</strong></span> <span class='ocrx_word' id='word_1_510' title='bbox 1490 3087 1660 3131; x_wconf 89' lang='lat' dir='ltr'><strong>librario</strong></span> <span class='ocrx_word' id='word_1_511' title='bbox 1681 3102 1706 3131; x_wconf 87' lang='lat' dir='ltr'><strong>e</strong></span> <span class='ocrx_word' id='word_1_512' title='bbox 1720 3087 1817 3130; x_wconf 80' lang='lat' dir='ltr'><strong>viva</strong></span> <span class='ocrx_word' id='word_1_513' title='bbox 1829 3100 1933 3130; x_wconf 82' lang='lat' dir='ltr'><strong>voce</strong></span> <span class='ocrx_word' id='word_1_514' title='bbox 1953 3084 2144 3129; x_wconf 88' lang='lat' dir='ltr'><strong>dictantis</strong></span> <span class='ocrx_word' id='word_1_515' title='bbox 2174 3089 2389 3145; x_wconf 81' lang='lat' dir='ltr'><strong>exceptum</strong></span> <span class='ocrx_word' id='word_1_516' title='bbox 2403 3089 2538 3145; x_wconf 86' lang='lat' dir='ltr'><strong>putes.</strong></span> 
     </span>
    </p>
   </div>
   <div class='ocr_carea' id='block_1_8' title="bbox 270 3186 2542 3282">
    <p class='ocr_par' dir='ltr' id='par_1_9' title="bbox 270 3186 2542 3282">
     <span class='ocr_line' id='line_1_43' title="bbox 270 3186 2542 3282; baseline 0.001 -19"><span class='ocrx_word' id='word_1_517' title='bbox 270 3221 349 3278; x_wconf 90' lang='lat'><strong>11)</strong></span> <span class='ocrx_word' id='word_1_518' title='bbox 377 3218 566 3268; x_wconf 66' lang='lat' dir='ltr'><strong>corb.</strong></span> <span class='ocrx_word' id='word_1_519' title='bbox 593 3186 751 3268; x_wconf 68' lang='lat' dir='ltr'><strong>⁸Variae</strong></span> <span class='ocrx_word' id='word_1_520' title='bbox 778 3221 982 3266; x_wconf 85' lang='lat' dir='ltr'><strong>lectiones</strong></span> <span class='ocrx_word' id='word_1_521' title='bbox 1011 3222 1056 3264; x_wconf 90' lang='lat' dir='ltr'><strong>in</strong></span> <span class='ocrx_word' id='word_1_522' title='bbox 1083 3220 1249 3264; x_wconf 85' lang='lat' dir='ltr'><strong>Horatii</strong></span> <span class='ocrx_word' id='word_1_523' title='bbox 1275 3221 1405 3265; x_wconf 81' lang='lat' dir='ltr'><strong>libros</strong></span> <span class='ocrx_word' id='word_1_524' title='bbox 1435 3222 1496 3266; x_wconf 88' lang='lat' dir='ltr'><strong>de</strong></span> <span class='ocrx_word' id='word_1_525' title='bbox 1524 3224 1655 3267; x_wconf 86' lang='lat' dir='ltr'><strong>Arte</strong></span> <span class='ocrx_word' id='word_1_526' title='bbox 1684 3229 1841 3281; x_wconf 68' lang='lat' dir='ltr'><strong>poet,</strong></span> <span class='ocrx_word' id='word_1_527' title='bbox 1871 3221 2156 3282; x_wconf 84' lang='lat' dir='ltr'><strong>Epistolas</strong></span> <span class='ocrx_word' id='word_1_528' title='bbox 2186 3228 2239 3265; x_wconf 85' lang='lat' dir='ltr'><strong>et</strong></span> <span class='ocrx_word' id='word_1_529' title='bbox 2267 3220 2487 3266; x_wconf 84' lang='lat' dir='ltr'><strong>Satiras</strong></span> <span class='ocrx_word' id='word_1_530' title='bbox 2517 3237 2542 3265; x_wconf 85' lang='lat' dir='ltr'><strong>e</strong></span> 
     </span>
    </p>
   </div>
  </div>
 </body>
</html>
