2737 3600
1337 157 1406 207 50

179 297 497 350 Maecenas,
526 294 766 349 (Mecenas)
794 291 1031 346 Bubus,
1071 303 1260 346 sucus,
1300 292 1457 346 baca,
1486 293 1798 349 percontor,
1829 286 2102 347 quicquid,
2132 289 2423 347 quicquam,
2463 305 2555 336 um·

181 381 336 424 quam,
365 377 645 419 numquam,
674 360 1006 416 nequiquam,
1036 364 1216 414 urget,
1247 359 1487 412 tempnit,
1518 362 1767 413 sumptus,
1796 357 2015 411 hiemps,
2044 355 2252 414 vulgus,
2281 358 2419 413 vult,
2448 360 2554 403 vul-

182 438 286 486 tus,
318 432 592 483 secuntur,
621 424 910 480 inmundus,
941 425 1254 482 inpransus,
1293 424 1577 478 inmorsus,
1607 424 1783 479 illino,
1814 423 1996 477 obicit,
2027 420 2206 478 deicit,
2237 425 2444 480 vicium,
2462 427 2555 480 ‚ve-⁴
2590 477 2593 479 μ

180 499 281 550 lud,
311 496 492 551 capud,
522 496 725 550 (passim)
754 493 929 545 michi,
958 491 1141 545 nichil,
1158 492 1347 547 (rarius).
1378 490 1531 532 Aecus.
1547 490 1624 532 111.
1656 490 1759 533 decl.
1787 491 1831 534 in
1859 491 1903 533 is
1932 488 2039 532 haud
2052 489 2470 547 frequentem—Hic
2485 505 2556 536 co·

180 563 261 607 dex
291 577 315 606 e
345 563 456 606 bono
488 568 530 606 et
558 567 719 605 vetusto
750 559 974 616 exemplari
1012 558 1153 601 ductus
1192 573 1290 601 esse
1322 557 1492 600 videtur.
1553 557 1799 615 Quamquam
1838 559 1943 601 enim
1979 557 2091 600 vitiis
2128 558 2234 601 varii
2269 560 2438 616 generis
2474 574 2558 604 non
2592 591 2597 595 -

177 635 313 685 vacat,
342 635 472 673 metro
505 643 629 685 saepe
659 628 789 677 laeso,
821 626 1030 670 vocabulis
1059 626 1127 669 vel
1154 626 1420 683 transpositis
1451 625 1517 667 vel
1556 625 1722 667 omissis
1759 625 1826 667 vel
1855 625 2087 684 depravatis
2115 624 2301 682 (quodin
2322 627 2558 684 antiquiori-

178 700 255 741 bus
287 711 444 756 quoque
474 696 540 748 fit)
574 695 697 739 lectio
728 700 860 738 tamen
898 693 1131 750 plerumque
1170 707 1259 736 cum
1298 693 1534 736 melioribus
1573 692 1690 735 libris
1730 693 1948 747 convenit,
1988 691 2181 750 quaedam
2216 694 2385 752 propria
2419 694 2557 749 habet,

82 792 91 798 -
178 773 249 808 aut
277 779 300 806 e
329 764 559 806 vetustiore
605 763 709 805 libro
750 762 999 820 transcripta
1028 766 1097 803 aut
1126 776 1150 803 a
1179 760 1346 803 librario
1376 761 1468 819 ipso
1497 760 1686 803 licentius
1716 763 1882 813 mutata,
1912 760 1978 816 qui
1994 760 2229 818 particulam
2258 765 2309 804 et
2335 759 2440 805 haud
2459 776 2556 806 raro

177 838 332 876 temere
362 832 552 874 inseruit.
611 830 648 872 E
678 829 1007 872 lectionibus
1037 829 1112 870 has
1143 827 1297 870 afferre
1325 828 1444 870 libet:
1476 826 1782 881 IV.0d,u‚·c.
1817 840 1909 869 ara
1937 829 2111 869 castis
2142 829 2320 870 cincta
2349 829 2554 872 verbenis.

177 902 250 954 14,
280 902 322 942 9.
366 897 513 950 Quod
535 897 689 940 Marte?
716 898 786 939 28.
816 895 1106 938 meditatur
1133 897 1203 938 85.
1230 892 1584 938 Alexandria.
1630 892 1681 937 In
1707 891 1844 937 Carm.
1861 894 1932 948 15,
1952 895 2018 938 11.
2044 900 2138 952 post
2164 896 2311 939 verba:
2343 897 2558 940 emovit·

178 982 274 1023 que
305 965 491 1021 culpas
523 964 706 1006 additur:
736 979 791 1005 ne
816 968 1064 1006 serviremus
1092 966 1305 1018 voluptati
1339 964 1456 1016 (item
1485 963 1529 1004 in
1557 962 1689 1003 Dorv.
1719 963 1781 1015 2).
1823 960 1955 1018 Epod.
1984 963 2029 1016 6,
2057 963 2100 1003 9.
2130 962 2372 1021 replesti
2399 978 2556 1009 nemus.

176 1035 221 1088 7,
253 1035 321 1076 17.
353 1032 548 1075 acerba
576 1031 702 1074 fata.
733 1032 858 1074 12.8.
888 1047 984 1075 nec
1008 1031 1200 1088 juveni
1229 1030 1401 1074 firmo.
1431 1032 1503 1083 15,
1532 1032 1574 1072 4.
1604 1029 1648 1071 in
1677 1034 1803 1071 vota
1832 1032 2016 1087 (supscr.
2045 1028 2130 1070 vel
2160 1030 2346 1084 verba)
2370 1032 2556 1088 jurabas.

177 1101 214 1144 l.
244 1100 334 1143 Sat.
366 1103 410 1154 1,
439 1102 481 1142 9.
516 1100 689 1157 legum
714 1098 968 1155 jurisque
998 1098 1169 1157 peritus.
1200 1099 1269 1140 68.
1299 1097 1544 1140 miseram
1574 1111 1685 1139 esse.
1715 1098 1759 1150 2,
1788 1097 1858 1139 86.
1887 1096 2078 1138 vulvae
2110 1094 2362 1154 Cupiennius
2392 1099 2559 1143 albae.

178 1171 249 1210 τί).
278 1172 521 1225 prognatam
548 1179 679 1224 posco
711 1165 762 1207 de
800 1170 918 1224 patre
947 1164 1190 1223 puellam.
1221 1166 1265 1219 4,
1295 1166 1392 1207 115.
1431 1164 1650 1206 vitatum
1680 1161 1908 1220 quidque
1947 1162 2175 1221 petitum.
2203 1162 2261 1206 11.
2294 1163 2383 1210 Sat.
2411 1168 2456 1222 8,
2484 1166 2556 1213 ⁶15.

181 1233 342 1287 Quidve
372 1234 424 1277 ad
453 1234 758 1277 amicitiam.
804 1232 888 1275 Art
915 1237 1027 1289 poet.
1052 1234 1151 1274 220.
1181 1232 1302 1273 vilem
1332 1231 1577 1273 cantavit
1606 1231 1657 1272 ob
1686 1231 1902 1273 hircum.
1933 1232 2031 1272 882.
2047 1231 2250 1274 servanda
2279 1245 2556 1291 cupressu·-

180 1303 281 1345 428.
312 1305 459 1343 recte
488 1301 619 1345 bene
648 1299 879 1359 pulchre.
908 1301 1007 1344 470.
1041 1313 1114 1343 cur
1142 1313 1288 1342 versus
1319 1297 1557 1341 dictitet.
1590 1324 1643 1332 --
1675 1323 1730 1331 —
1759 1297 1841 1340 Hic
1871 1296 2018 1352 codex,
2048 1303 2093 1340 ut
2121 1313 2246 1357 supra
2273 1300 2558 1356 indicavimus,

180 1369 375 1411 Persii
412 1381 570 1426 quoque
600 1367 812 1410 Satiras
843 1367 1026 1411 continet
1054 1381 1142 1410 cum
1172 1365 1341 1410 scholiis
1370 1365 1577 1425 plerisque
1615 1379 1670 1408 ex
1700 1363 1876 1408 Cornuti
1916 1366 2211 1409 commentario‘
2246 1364 2296 1409 ad
2333 1369 2558 1426 marginem

182 1437 366 1493 scriptis,
397 1435 472 1478 sed
501 1436 715 1476 maximam
743 1441 899 1493 partem
929 1434 1176 1476 difficillimis
1205 1433 1311 1475 lectu
1340 1437 1511 1492 propter
1548 1436 1811 1475 atramentum
1852 1432 2064 1475 evanidum
2105 1436 2147 1475 et
2174 1434 2445 1478 membranam
2472 1450 2557 1479 ma·

179 1503 300 1545 nibus
339 1503 487 1544 tritam.
545 1502 713 1544 Passim
753 1500 929 1543 schedae
975 1500 1161 1557 singulae
1199 1500 1305 1541 inter
1342 1499 1646 1541 iolia'assutae
1686 1500 1752 1541 ubi
1789 1513 1931 1557 margo
1963 1498 2199 1554 deficiebat,
2230 1502 2556 1545 commentarium

181 1569 430 1611 continuant.
497 1568 743 1623 Plerumque
778 1567 883 1609 haec
922 1567 1079 1609 scholia
1109 1567 1357 1608 conveniunt
1395 1579 1482 1607 cum
1523 1565 1696 1608 Cornuti
1734 1567 2046 1621 commentario,
2086 1581 2200 1623 quem
2239 1567 2289 1612 Ο.
2328 1567 2358 1611 J
2366 1569 2558 1612 ahnius

177 1636 221 1677 in
259 1634 455 1677 Editione
494 1633 723 1676 Satirarum
761 1633 905 1675 Persii
944 1633 1092 1691 (Lips.
1133 1634 1282 1688 1848.)
1322 1633 1516 1676 exhibuit.
1587 1631 1637 1676 ln
1675 1633 1806 1691 prima
1843 1632 1997 1691 pagina
2034 1647 2184 1677 aversa
2222 1635 2307 1678 vita
2345 1635 2418 1679 illa
2453 1637 2558 1679 anti-

175 1717 252 1758 qua
290 1716 314 1743 a
354 1702 620 1757 grammatico
662 1700 816 1756 scripta
852 1700 1006 1754 legitur
1042 1700 1120 1740 hoc
1162 1700 1300 1740 titulo:
1348 1702 1501 1754 Incipit
1538 1702 1629 1741 vita
1666 1702 1794 1742 Aulis
1831 1701 1968 1741 Persii
1991 1701 2139 1742 Flacci
2172 1702 2227 1743 de
2264 1705 2559 1748 conr-mmo

174 1769 302 1813 Probi
335 1768 493 1812 Valerii
518 1768 701 1811 sublata.
759 1765 943 1810 Eandem
973 1781 1027 1809 ex
1056 1765 1149 1809 aliis
1186 1765 1304 1809 libris
1333 1764 1509 1809 Jahnius
1539 1782 1578 1822 p.
1607 1769 1706 1810 288.
1737 1783 1798 1823 sq.
1829 1767 1975 1820 edidit,
2016 1769 2083 1823 qui
2111 1769 2231 1824 hujus
2261 1783 2416 1826 quoque
2445 1771 2556 1813 codi-

178 1838 239 1879 cis
268 1836 467 1878 lectiones
497 1839 714 1894 excerptas
746 1848 770 1876 a
799 1833 1071 1892 Schweigero
1104 1833 1263 1894 accepit
1291 1836 1334 1874 et
1362 1832 1436 1875 sub
1467 1833 1528 1877 tit.
1557 1832 1619 1877 Μ.
1648 1835 1690 1877 Ί.
1722 1832 1918 1893 vulgavit.
1949 1832 2001 1880 V.
2031 1834 2121 1892 ejus
2150 1835 2325 1895 praefat.
2354 1850 2395 1897 p.
2424 1835 2556 1887 CCV.

290 1973 370 2027 45)
398 1970 581 2020 Mon·
614 1971 676 2021 4.
716 1970 895 2018 Codex
932 1975 975 2018 4.
1014 1971 1376 2017 bibliothecae
1404 1965 1612 2029 Regiae
1640 1970 1987 2015 Monacensis
2031 1986 2142 2015 saec.
2172 1972 2270 2016 XII.
2300 1974 2552 2017 membrana-

178 2054 275 2082 ceus
305 2041 348 2082 in
376 2043 450 2081 svo
490 2040 713 2096 mediocri,
754 2041 862 2100 sign.
902 2040 979 2087 Nr.
1009 2040 1060 2083 B.
1097 2039 1216 2086 VIII.
1259 2040 1353 2083 olim
1392 2039 1632 2083 monasterii
1669 2038 1734 2083 St.
1763 2038 1957 2083 Emerani
1983 2038 2251 2085 Ratisbouae.
2309 2040 2391 2084 Hic
2420 2040 2554 2086 codex

174 2108 217 2151 in
246 2109 480 2151 membrana
507 2110 648 2162 varia,
677 2110 823 2166 partim
853 2109 991 2161 tenui,
1020 2108 1167 2165 partim
1198 2108 1407 2149 crassiore
1436 2122 1513 2148 nec
1543 2106 1753 2148 admodum
1781 2108 1873 2149 alba
1902 2109 2095 2164 scriptus,
2125 2109 2238 2150 foliis
2267 2109 2377 2152 inter
2406 2122 2455 2151 se
2481 2122 2554 2169 pa-

173 2188 263 2217 rum
294 2174 553 2232 aequalibus,
595 2180 917 2232 tegumentorum
947 2174 1073 2218 dorso
1105 2179 1147 2217 et
1175 2174 1338 2232 angulis
1377 2173 1490 2216 corio
1533 2173 1654 2216 ovino
1693 2172 1784 2215 albo
1823 2172 2005 2216 firmatis.
2061 2173 2196 2217 Foliis
2225 2181 2388 2217 constat
2411 2179 2485 2230 w,
2514 2182 2557 2218 et

173 2242 312 2301 plures
344 2242 588 2301 scriptorum
618 2242 747 2285 libros
778 2242 1077 2301 complectitur:
1109 2243 1150 2296 a)
1182 2240 1399 2285 Horatii
1429 2253 1611 2299 opera,
1641 2239 1714 2283 fol.
1745 2243 1769 2282 1
1787 2241 1926 2283 -48.
1956 2240 2005 2283 ab
2035 2240 2152 2285 initio
2181 2241 2334 2297 mutila,
2364 2241 2556 2287 deficien-

175 2311 283 2351 tibus
315 2316 486 2366 quatuor
515 2309 693 2354 Odarum
724 2307 853 2351 libris‘
872 2316 913 2351 et
941 2308 1116 2368 Epodon
1144 2313 1284 2369 parte3
1313 2322 1406 2351 nam
1435 2309 1579 2367 incipit
1607 2307 1739 2352 codex
1769 2308 1828 2351 ab
1856 2306 2012 2367 Epod.
2045 2311 2114 2352 16.
2143 2323 2182 2352 v.
2213 2311 2281 2357 lo.
2324 2308 2556 2368 Sequuntur

177 2375 398 2419 Carmen
429 2391 565 2418 saec.
597 2377 701 2417 Ars
733 2382 870 2432 poet.
902 2375 1207 2417 Sermonum
1236 2375 1460 2416 libri'II.
1489 2376 1859 2435 Epistolarum
1886 2376 2018 2418 libri
2046 2375 2101 2419 11.
2160 2376 2204 2433 b)
2234 2376 2392 2421 Donati
2418 2390 2554 2438 gram-

173 2443 375 2499 matieam,
415 2442 488 2488 fol.
518 2445 576 2487 49
604 2468 660 2477 —
688 2445 759 2488 65.
821 2443 863 2498 c)
904 2443 1084 2486 Ovidii
1112 2444 1302 2486 librum
1342 2443 1400 2485 de
1438 2444 1693 2485 remediis
1733 2445 1955 2496 amoris,
1994 2445 2069 2486 sol.
2098 2448 2156 2486 66
2184 2468 2239 2475 —
2266 2447 2341 2498 w,
2379 2446 2423 2487 in
2463 2459 2555 2488 sor-

173 2511 269 2553 dida
296 2512 529 2554 membrana
559 2510 725 2554 sordide
756 2511 965 2569 scriptum.
998 2533 1053 2543 -
1082 2510 1132 2554 In
1156 2510 1321 2554 Horatii
1348 2510 1465 2554 libris
1497 2509 1701 2570 scriptura
1728 2510 1997 2554 minutissima
2025 2510 2198 2568 quidem,
2230 2511 2304 2556 sed
2333 2514 2556 2569 aequabilis

176 2584 219 2620 et
247 2584 451 2634 accurata,
482 2578 650 2621 eandem
687 2579 835 2635 ubique
877 2593 1037 2621 manum
1066 2579 1214 2637 prodit.
1249 2579 1464 2635 .Paginae
1503 2592 1644 2621 omnes
1685 2578 2079 2638 simplices·habent
2117 2593 2307 2623 versuum
2336 2579 2558 2625 columnas.

174 2643 336 2690 Versus
366 2647 409 2687 in
440 2646 613 2701 singulis
643 2646 808 2702 paginis
838 2648 908 2687 88.
941 2646 1086 2703 scripti
1114 2646 1222 2686 inter
1250 2646 1382 2687 lineas
1415 2646 1508 2687 stilo
1540 2646 1681 2687 ductas
1712 2651 1755 2687 et
1783 2646 1987 2704 stigmatis
2018 2645 2070 2689 ad
2098 2646 2324 2705 marginem
2353 2646 2556 2706 signatas,

170 2712 280 2756 binis
322 2712 520 2770 utrimque
549 2712 670 2756 lineis
708 2713 1116 2772 perpendicularibus
1155 2714 1414 2767 terminatas,
1455 2714 1597 2770 quibus
1634 2714 1798 2756 litterae
1837 2728 2029 2756 versuum
2065 2715 2244 2756 initiales
2283 2715 2556 2771 includantur,

169 2794 246 2840 per
273 2780 488 2823 maximam
517 2779 611 2823 libri
638 2785 794 2839 partem
821 2781 986 2824 rubrica
1013 2784 1192 2823 notatae.
1251 2779 1385 2824 Tituli
1414 2784 1456 2824 et
1482 2780 1644 2825 litterae
1674 2780 1910 2839 eclogarum
1938 2782 2117 2825 initiales
2146 2796 2275 2839 usque
2303 2782 2355 2824 ad
2383 2782 2457 2826 fol.
2485 2784 2557 2825 28.

172 2848 296 2889 minio
327 2849 488 2907 pictae,
529 2853 626 2907 post
655 2853 896 2894 atramento.
954 2849 1236 2892 Atrameutum
1264 2862 1348 2893 non
1376 2847 1484 2893 idem
1512 2848 1675 2907 ubique,
1713 2863 1768 2893 ex
1796 2848 1916 2894 fusco
1945 2845 2182 2908 nigricans,
2213 2864 2267 2894 ex
2293 2855 2412 2908 parte
2439 2849 2557 2908 palli-

171 2915 276 2958 dius.
334 2915 587 2957 Lacunae
617 2916 660 2957 in
689 2916 767 2958 hoc
794 2917 898 2960 libro
929 2922 1097 2960 exstant
1124 2918 1230 2960 inter
1258 2918 1332 2961 fol.
1361 2918 1551 2960 11—12
1600 2915 1653 2973 (I.
1684 2915 1784 2960 Sat.-
1802 2918 1847 2973 2,
1877 2918 1931 2961 15
1962 2941 2015 2949 -
2044 2919 2090 2974 8,
2122 2917 2208 2974 15.)
2239 2922 2320 2961 tum
2348 2918 2457 2962 inter
2486 2917 2559 2964 fol·

169 2985 227 3028 24
258 3008 306 3017 —·
339 2985 398 3028 25
437 2982 513 3039 (11.
548 2982 638 3028 Sat.
667 2985 713 3039 8,
753 2986 784 3027 9
810 3009 867 3020 -
894 2988 939 3041 4,
976 2985 1069 3040 68).
1130 2983 1351 3030 Scholia
1389 2991 1439 3029 et
1476 2985 1700 3043 glossae
1737 2987 1893 3045 passim
1932 3001 2131 3047 aspersae
2176 2986 2235 3029 nil
2279 2986 2446 3044 cognitu
2495 2986 2556 3033 di-

170 3066 293 3110 gnum
323 3051 527 3106 afferunt,
557 3066 634 3095 nec
665 3050 834 3095 eandem
862 3053 1008 3112 ubique
1039 3067 1196 3096 manum
1223 3053 1422 3113 produnt;
1452 3052 1664 3112 quaedam,
1693 3058 1737 3097 ut
1763 3054 1847 3113 ipsi
1875 3054 1981 3098 tituli
2009 3053 2151 3109 additi,
2180 3053 2405 3113 posteriori
2433 3056 2559 3101 aetati

169 3119 384 3168 tribuenda
441 3120 645 3162 videntur.
696 3143 752 3151 —
805 3120 1097 3178 Scriptura
1154 3120 1272 3163 huius
1328 3121 1483 3165 codicis
1538 3122 1672 3177 bona,
1732 3121 1854 3180 plana
1907 3127 1949 3166 et
1999 3121 2204 3181 explicata
2256 3121 2410 3166 saeculi
2459 3121 2555 3169 XII.

169 3185 328 3231 ductum
371 3186 514 3232 calami
552 3187 794 3246 angulosum
832 3194 874 3232 et
910 3188 1139 3247 elegantem
1178 3202 1277 3247 prae
1308 3205 1355 3233 se
1407 3190 1513 3246 sert,
1560 3189 1612 3233 ad
1649 3190 1765 3248 cujus
1801 3190 2037 3250 priorem
2081 3193 2283 3249 partem
2329 3204 2418 3236 cun
2461 3203 2557 3250 pro-

2071 3309 2099 3324 ,-
