2737 3600
1315 129 1381 181 81

167 268 383 324 excerptas
413 264 643 310 Seebodius
681 263 734 311 V.
766 263 832 308 CL
871 263 917 307 in
942 261 1202 306 Bibliotheca
1239 262 1330 305 crit.
1369 263 1497 308 1829.
1526 261 1585 305 Τ.
1614 261 1652 305 1.
1677 261 1804 306 Fasc.
1828 264 1877 306 ..2
1914 277 1957 322 p.
1996 264 2093 306 158.
2133 278 2196 321 sq.
2240 261 2441 321 vulgavit.
2468 263 2538 306 Ex

164 331 318 380 Satiris
354 333 569 378 nonnullas
607 332 675 385 hic
713 330 958 376 afferemus:
995 329 1032 373 1.
1061 327 1153 376 Sat.
1178 327 1227 384 1,
1263 330 1308 374 8.
1347 328 1543 374 laudat.
1583 331 1652 375 19.
1680 329 1872 374 nolunt.
1899 332 1968 376 81„
1999 335 2109 375 tuta
2136 334 2437 375 recurrant.
2462 332 2535 376 87.

164 401 426 460 Nusquam
461 401 659 459 prorepit.
695 401 767 443 88.
809 398 1041 456 patiens.
1069 399 1142 440 49.
1172 361 1244 440 Nil
1273 398 1466 443 obstat.
1490 399 1561 440 49.
1591 396 1690 451 Qui
1716 399 1864 443 nihil.
1890 400 1960 442 55.
1991 399 2041 442 de
2069 399 2234 444 flumine
2262 399 2433 444 malle.
2461 401 2535 443 99.

164 481 230 515 me
272 467 518 514 exibilat.
545 468 618 510 79.
650 468 904 524 optarem.
931 466 1001 508 89.
1029 465 1209 507 retinere
1238 465 1379 507 velit.
1405 468 1475 509 99.
1506 479 1669 525 operam
1696 466 1907 526 perdes.
1934 468 2008 510 95.
2034 467 2233 511 Umidius.
2262 471 2361 511 191.
2392 464 2535 518 Quid

165 537 336 596 igitur
364 534 542 578 suades!
567 556 629 585 ·—
655 532 857 574 Nevins
888 558 942 566 —
970 532 1338 576 Momentanus
1368 536 1465 577 194.
1492 548 1706 593 vappam
1729 536 1893 590 jubeo
1921 535 2245 579 nebulonem.
2261 535 2361 582 195.
2388 534 2535 578 inter

166 609 352 647 tanam.
380 604 479 644 199.
522 614 570 642 ac
611 597 794 642 laudet
836 600 1031 657 potius.
1071 602 1167 644 119.
1205 605 1408 646 euntes.
1454 604 1548 646 121.
1584 606 1741 661 putes
1781 601 1900 646 ideo
1938 615 2040 646 non
2081 601 2307 662 amplius
2337 600 2532 645 addam.

163 673 212 728 2,
240 672 311 715 17.
339 665 587 729 patribus
617 664 770 712 diris.
798 668 870 712 71.
900 665 1176 713 deferbuit
1201 669 1295 714 ira.
1323 671 1393 714 78.
1413 668 1617 721 Desine
1648 670 1850 713 sectari
1878 674 2167 714 matronas.
2196 672 2269 713 89.
2297 668 2411 711 Nec
2439 682 2532 711 ma-

167 738 253 796 gis
281 736 407 779 haec
434 734 595 778 inter.
622 736 696 781 88.
725 733 873 779 Adde
900 736 1029 779 haec
1059 736 1203 793 quod.
1231 740 1301 780 89.
1327 733 1515 796 apertos.
1544 739 1600 792 8,
1627 740 1698 780 24.
1729 741 1812 779 est
1840 751 1983 779 amor
2010 738 2093 779 hic
2121 740 2191 779 25.
2223 736 2533 796 provideas.

165 808 238 850 79.
276 800 504 847 excindi.
533 802 605 847 87.
632 801 784 844 misero
829 802 1019 846 tristes
1049 817 1250 846 venere
1280 803 1554 846 calendae.
1583 805 1681 847 199.
1709 817 1769 846 ne
1799 804 1915 860 quis
1945 803 2114 848 adulter.
2144 806 2242 847 188.
2273 803 2421 847 solus
2452 802 2533 847 sic

166 883 345 916 rex—
372 867 589 911 vellent.
619 871 673 924 4,
710 870 753 911 8.
783 883 841 912 ac
869 870 966 913 fur.
1003 871 1074 913 25.
1107 871 1251 929 elige
1279 872 1444 917 turba.
1472 872 1546 915 57.
1575 871 1822 925 excipias
1853 871 1912 912 si.
1940 873 2012 914 44.
2040 872 2262 913 vitatum
2291 869 2531 927 quodque

165 937 400 998 petitum.
438 938 533 980 141.
572 938 751 980 veniet
779 961 834 970 —
863 938 1193 995 auxilioque.
1221 939 1277 993 5,
1315 941 1358 984 1..
1393 953 1465 982 me
1505 937 1662 995 cepit.
1693 939 1761 980 18.
1791 951 1883 979 aes
1914 936 2135 980 (1ιιιιι.87.
2166 937 2358 980 demum
2386 937 2531 982 urbe.

164 1006 236 1048 99.
264 1002 458 1062 grandi
486 1003 585 1050 sic.
605 1007 650 1059 9,
679 1006 720 1049 1.
751 1005 1008 1082 quisquis.
1036 1006 1081 1049 5.
1111 1005 1433 1062 plerumque.
1461 1006 1506 1049 7.
1535 1004 1662 1045 Dum
1689 1003 1921 1044 referre.
1949 1005 2022 1062 89.
2051 1003 2112 1044 de
2143 1018 2269 1045 saxo
2300 1005 2450 1046 cives
2480 1008 2534 1046 et

163 1076 215 1115 tr.
243 1073 315 1114 58.
343 1071 546 1128 possim
575 1086 701 1113 casu
731 1072 816 1127 qui
844 1076 906 1114 te.
934 1075 1005 1113 99.
1034 1086 1195 1113 narro
1226 1076 1279 1113 et
1305 1070 1625 1128 respondes.
1655 1071 1729 1113 85.
1773 1070 1961 1111 metuit
2001 1070 2116 1111 sibi.
2148 1072 2248 1114 127.
2277 1070 2531 1127 interpel-

160 1138 250 1183 lat.
285 1140 340 1193 7,
382 1139 424 1182 9.
463 1135 607 1182 dirus
650 1136 787 1183 homo.
825 1139 896 1182 28.
926 1137 1134 1181 multum
1163 1140 1316 1195 atque
1360 1137 1576 1184 fluenti.
1605 1139 1662 1192 8,
1707 1135 1863 1179 min
1892 1148 2037 1193 agro.
2065 1137 2111 1189 9,
2140 1136 2181 1178 8.
2212 1136 2535 1179 occurrit.4.

161 1203 545 1266 Apprensaque
573 1218 625 1248 m.
655 1204 779 1263 quid
809 1205 903 1247 ais.
930 1207 975 1250 7.
1003 1205 1125 1247 hinc
1155 1218 1270 1263 ego.
1298 1207 1367 1247 19.
1396 1204 1522 1262 quid
1561 1218 1710 1261 agam
1746 1217 1850 1244 non
1881 1217 1987 1244 sum
2015 1218 2055 1260 p.
2082 1205 2152 1244 88.
2181 1203 2279 1243 huc
2309 1202 2537 1247 ademto.

161 1273 287 1317 mihi
322 1286 550 1328 unquam.
582 1276 661 1325 19,
693 1275 762 1316 18.
791 1286 1010 1327 unquam
1046 1272 1185 1313 vidit
1212 1295 1270 1303 —-
1297 1287 1392 1314 nec
1431 1271 1633 1315 simius.
1662 1287 1704 1315 v.
1731 1272 1802 1313 88.
1833 1269 1965 1312 deest.
1993 1271 2065 1312 48.
2102 1269 2233 1312 Fata
2269 1270 2435 1313 canis.
2462 1271 2538 1317 89.

165 1340 319 1385 simul
347 1345 397 1383 et
423 1344 489 1386 te.
519 1338 608 1384 Sat.
643 1343 713 1386 19.
742 1338 886 1396 incipit
914 1338 987 1381 ab:
1016 1336 1207 1398 Nempe
1236 1337 1607 1398 incomposito.
1638 1336 1729 1382 Sat.
1757 1336 1825 1392 11,
1866 1339 1909 1382 1.
1937 1338 2008 1381 92.
2049 1341 2097 1379 te
2127 1337 2320 1396 capiat.
2347 1339 2421 1384 99.
2448 1333 2536 1396 po*-

162 1408 379 1468 pulique
408 1407 685 1449 tribunum.
714 1408 787 1447 71.
818 1420 844 1445 a
871 1404 1036 1461 vulgo
1069 1410 1563 1447 scena—remorat.
1593 1408 1664 1445 79.
1704 1406 1827 1445 hinc
1858 1405 2228 1458 diffingere.4,
2256 1407 2326 1447 44.
2355 1405 2533 1447 fecun-

164 1474 258 1520 dae
285 1472 510 1534 leporis.
538 1473 584 1527 5,
612 1471 684 1513 59.
716 1470 903 1528 quicquid
940 1470 1074 1513 dico.
1119 1472 1218 1513 191.
1247 1469 1421 1512 Heres
1451 1469 1710 1514 audieris.
1739 1472 1784 1525 8,
1813 1472 1855 1512 4.
1884 1471 2075 1512 iratum
2104 1471 2432 1515 stomachum.
2463 1474 2534 1516 14.

163 1541 323 1595 Quom
352 1553 510 1583 sacra
537 1539 648 1580 fert
676 1538 889 1581 cereris
918 1536 1188 1595 procedit.

275 1675 351 1730 89)
381 1672 550 1729 (ii-h.
583 1671 640 1718 ᾖ.
680 1670 864 1715 Codex
890 1673 933 1716 2.
962 1672 1330 1714 bibliothecae
1358 1671 1582 1713 Ducalis
1614 1670 2125 1729 Guelpherbytanae
2155 1686 2268 1717 saec.
2296 1672 2396 1719 XV.
2411 1674 2530 1717 char-

162 1749 304 1787 taceus
341 1743 387 1784 in
413 1740 510 1783 Fol.
547 1741 641 1797 maj.
681 1740 792 1797 sign.
823 1738 998 1783 Helmst.
1025 1739 1102 1782 Nr.
1137 1741 1237 1782 888.
1279 1740 1394 1795 cujus
1432 1739 1617 1795 notitiam
1647 1738 1758 1782 dedit
1784 1738 1960 1782 Ebertus
1989 1739 2034 1782 in
2061 1736 2264 1797 Catalogo
2293 1755 2336 1799 p.
2363 1742 2435 1784 88.
2466 1755 2532 1786 nr.

161 1802 263 1856 484.
293 1812 336 1851 et
364 1807 568 1864 aliquanto
597 1805 822 1865 pleniorem
852 1804 939 1851 Th.
969 1804 1199 1849 Schmidius
1229 1805 1284 1852 V.
1314 1804 1380 1849 cl.
1408 1806 1453 1848 in
1479 1804 1558 1848 Ed.
1586 1805 1723 1863 Epist.
1754 1804 1812 1847 T.
1843 1805 1901 1851 Π.
1930 1820 1969 1864 p.
1996 1807 2094 1847 259.
2121 1820 2186 1848 nr.
2216 1808 2260 1849 4.
2318 1806 2401 1849 Hic
2428 1807 2535 1851 liber

161 1877 273 1933 bona
310 1879 352 1918 et
394 1873 548 1917 decora
576 1873 744 1930 specie,
773 1872 975 1916 frontibus
1003 1873 1166 1928 rubris,
1208 1873 1452 1930 tegumentis
1488 1872 1641 1930 ligneis
1671 1872 1784 1914 corio
1816 1872 1933 1914 suillo
1964 1872 2108 1930 figuris
2134 1873 2353 1931 impressis
2384 1878 2532 1917 ornato

161 1930 363 1998 obductis,
390 1939 606 1986 Horatii
649 1952 812 2000 opera
855 1939 1028 1983 omnia
1065 1939 1269 1995 continet,
1312 1939 1391 1982 hoc
1431 1938 1596 1981 ordine.
1643 1938 1749 1980 Ars
1787 1944 1923 1997 poet.
1962 1938 2269 1980 Sermonum
2311 1941 2445 1982 libri
2472 1940 2531 1983 Π.

159 2009 524 2071 Epistularum
550 2008 679 2050 libri
706 2007 763 2049 Π.
794 2007 1011 2049 Odarum
1038 2007 1172 2049 libri
1198 2007 1273 2051 IV.
1302 2007 1523 2065 Epodon
1549 2007 1641 2052 lib.
1673 2006 1836 2049 θαι-ιιι.
1868 2022 2011 2050 saec.
2070 2007 2151 2049 Hic
2168 2007 2358 2051 codexin
2387 2009 2532 2052 charta

161 2079 263 2124 satis
294 2077 385 2121 alba
413 2091 462 2120 ac
490 2075 607 2119 firma
633 2089 824 2135 perquam
850 2074 977 2118 nitide
1006 2074 1296 2134 eleganterque
1330 2075 1524 2134 scriptus,
1553 2074 1641 2118 155
1667 2074 1782 2118 foliis
1812 2078 1974 2118 constat
1994 2088 2076 2118 non
2107 2074 2296 2133 signatis.
2328 2074 2529 2135 Singulae

158 2145 335 2207 paginae
373 2143 579 2187 columnas
618 2155 808 2186 versuum
844 2143 996 2186 habent
1032 2143 1254 2201 simplices,
1282 2145 1341 2186 24
1367 2143 1559 2185 versibus
1590 2146 1827 2185 constantes
1867 2143 2032 2200 scriptis
2061 2143 2168 2185 inter
2195 2144 2326 2186 lineas
2356 2158 2531 2187 cerussa

160 2214 300 2258 ductas
331 2211 408 2256 sed
434 2211 666 2270 plerumque
695 2211 868 2267 deletas,
896 2212 1148 2269 marginibus
1177 2211 1371 2254 foliorum
1398 2210 1612 2253 latissimis
1647 2209 1818 2253 relictis.
1849 2209 2068 2252 Librarius
2097 2211 2140 2252 in
2168 2212 2320 2269 primae
2350 2212 2529 2269 paginae

159 2294 313 2326 summo
340 2280 526 2337 margine
554 2293 704 2323 nomen
732 2294 848 2323 suum
876 2279 1111 2337 inscripsit:
1160 2279 1246 2337 .1¹⁸⁸·
1277 2279 1419 2323 Maria
1446 2280 1692 2322 Jerom‘mua.
1736 2277 1844 2321 Post
1878 2277 2010 2359 Epist.
2038 2277 2093 2321 11.
2138 2280 2182 2322 2.
2227 2279 2526 2339 subscriptumz

157 2351 251 2394 Deo
285 2349 466 2405 gram.
503 2348 654 2391 Amen.
692 2351 735 2390 et
776 2347 821 2390 in
858 2351 1042 2390 extrema
1083 2346 1238 2407 pagina
1273 2351 1370 2406 post
1406 2360 1571 2390 carmen
1622 2360 1734 2391 saec.
1789 2347 1851 2388 Et
1886 2348 1946 2388 sic
1980 2353 2045 2388 est
2069 2350 2190 2401 flm's.
2239 2346 2531 2405 Scriptura

157 2415 278 2473 hujus
308 2412 479 2468 codicis,
508 2414 630 2473 plana
660 2403 842 2472 aequalis
872 2418 914 2456 et
941 2414 1159 2472 explicata,
1188 2428 1376 2472 maguam
1403 2415 1528 2456 habet
1556 2414 1852 2457 similitudinem
1871 2428 1957 2456 cum
1985 2413 2101 2457 libris
2132 2414 2297 2458 saeculo
2326 2413 2423 2461 XV.
2452 2430 2531 2474 per

158 2488 281 2559 typos
311 2481 539 2524 accuratius
568 2483 797 2541 expressis.
856 2481 1045 2525 Litterae
1072 2481 1270 2526 librorum
1298 2481 1411 2536 (Art.
1441 2486 1555 2540 poet.
1584 2480 1780 2528 Serm.1.
1809 2479 1940 2540 Epist.
1969 2479 2005 2525 1.
2035 2480 2113 2528 Od.
2131 2481 2187 2538 Ι.)
2214 2481 2396 2527 initiales
2425 2496 2529 2528 auro

157 2549 364 2606 variisque
393 2547 597 2593 coloribus
628 2549 879 2608 splendidius
910 2554 1095 2606 ornatae,
1125 2549 1362 2609 eclogarum
1389 2550 1571 2594 initiales
1600 2564 1740 2594 omnes
1769 2548 1835 2591 vel
1861 2549 1984 2591 minio
2013 2549 2081 2592 vel
2109 2550 2300 2593 caeruleo
2318 2551 2530 2610 pigmento

159 2615 421 2662 artificiosius
448 2614 625 2664 effictae.
682 2616 874 2660 Litterae
901 2619 1085 2675 majores
1114 2618 1295 2661 unciales
1326 2622 1437 2674 sunt,
1466 2618 1693 2661 minuscula
1726 2618 1832 2660 inter
1857 2616 2082 2660 Romanam
2120 2624 2163 2661 et
2192 2618 2408 2663 Gothicam
2442 2634 2528 2663 me·

159 2684 266 2731 dium
293 2686 421 2728 tenet.
452 2697 476 2725 e
503 2697 580 2742 pro
609 2698 659 2725 ae
688 2684 860 2741 ubiqu03
888 2685 905 2725 i
932 2698 1075 2742 purum
1102 2684 1361 2742 plerumque,
1391 2691 1562 2730 accentu
1591 2686 1663 2742 (ί)
1693 2686 1869 2743 saepius,
1897 2690 2047 2742 puncto
2078 2687 2155 2737 (i)
2182 2688 2319 2731 rarius
2347 2691 2529 2733 notatmn

160 2750 188 2794 d
213 2749 375 2809 ubique,
394 2762 487 2791 non
515 2748 568 2794 d.
582 2764 606 2792 r
635 2754 679 2792 et
703 2762 717 2793 ι
745 2750 1003 2809 promiscue;
1033 2751 1151 2794 sets
1170 2751 1215 2793 in
1242 2751 1323 2794 fine
1351 2765 1497 2796 vocum
1524 2754 1775 2811 promiscue3
1804 2766 1843 2796 ιι.
1858 2765 1933 2807 pro
1953 2766 1993 2795 v.
2009 2766 2187 2810 semper.
2217 2753 2338 2811 Sigla
2351 2759 2393 2795 et
2414 2767 2526 2797 com-

157 2808 308 2882 pendia
345 2817 573 2878 scripturae
610 2818 702 2862 fere
739 2817 864 2863 nulla.
906 2816 1185 2877 Interpunctio
1224 2818 1422 2877 simplex,
1450 2833 1528 2878 per
1553 2825 1741 2880 punctum
1767 2818 1896 2877 majus
1927 2822 1971 2861 et
1997 2819 2147 2877 minus,
2177 2819 2398 2863 semicolon
2428 2821 2524 2876 (t‘)

159 2887 281 2931 etiam
302 2900 379 2946 pro
407 2887 608 2945 interrog.
638 2887 774 2945 signo.
801 2908 860 2923 -ω
898 2885 1335 2945 orthographiae
1363 2887 1470 2930 ratio
1500 2888 1709 2945 (michi,
1737 2886 1934 2943 nichil,
1961 2887 2217 2942 habunde)
2246 2892 2288 2930 et
2314 2892 2402 2931 tota
2420 2888 2527 2931 scri-

156 2959 302 3014 pturae
339 2953 501 2999 indoles
528 2954 712 2998 librum
700 2969 744 2999 ιιι
770 2953 890 2997 Italia
918 2953 1012 2997 olim
1049 2958 1259 2997 exaratum
1296 2954 1484 3014 produnt.
1511 2954 1740 2999 Praeterea
1766 2955 1939 3012 legitur:
1977 2954 2208 3012 Jupiter,
2250 2955 2526 3012 Mecenas,

157 3021 917 3082 Bachas,perconctor,milia‚
936 3022 1163 3078 menbra,
1183 3021 1465 3082 dampnum,
1485 3027 1699 3084 tempto,
1714 3028 1996 3079 tempnens‚
2013 3023 2304 3082 conpilent,
2323 3023 2526 3081 hostia,

158 3087 379 3152 habeas,
425 3088 522 3148 (sed
559 3089 693 3147 olus)
729 3089 936 3151 pulcri,
963 3089 1134 3147 velut,
1162 3090 1335 3148 velud,
1365 3095 1445 3139 etc.
1474 3090 1708 3137 Glossae
1735 3092 1842 3135 iuter
1867 3089 1999 3134 lineas
2029 3095 2072 3134 et
2098 3090 2312 3143 scholia
2340 3090 2393 3134 ad
2421 3106 2528 3136 mar·

160 3157 282 3216 gines
320 3171 404 3202 non
439 3160 561 3204 nimis
601 3159 832 3219 frequentia
881 3173 957 3219 per
993 3163 1120 3203 totum
1155 3160 1301 3204 librum
1330 3174 1357 3204 a
1382 3175 1504 3206 manu
1542 3175 1655 3206 saec.
1682 3160 1798 3206 XVI.
1834 3160 1984 3204 misere
2021 3163 2065 3202 et
2100 3159 2278 3203 obscure
2316 3158 2528 3220 adscripta
