2737 3600
1315 157 1382 205 15

163 288 245 334 etsi
281 303 363 333 non
404 293 573 346 ornata,
620 289 742 350 plana
769 294 905 334 tamen
943 292 986 333 et
1019 288 1237 348 explicita,
1274 289 1447 334 formam
1486 288 1596 333 illius
1636 290 1728 333 aevi
1784 288 2016 348 quadratam
2043 293 2088 333 et
2116 288 2361 349 angulosum
2402 290 2536 334 minus

160 371 261 418 prae
289 371 338 402 se
365 358 473 414 fert,
503 357 580 402 sed
606 361 766 401 manum
782 352 925 400 'levem
953 361 1072 415 atque
1102 357 1367 402 exercitatam
1394 357 1544 417 prodit,
1574 359 1722 402 litteris
1750 358 1965 418 paullulum
1992 358 2201 401 inclinatis
2217 356 2333 401 etad
2349 361 2535 401 nostrm

161 426 493 475 consuetudinem
526 426 668 484 magis
700 423 1006 469 accedentibus.
1066 424 1182 469 Tota
1223 427 1314 484 ejus
1353 427 1484 471 facies
1522 432 1564 470 et
1600 427 1781 483 indoles,
1818 427 2043 472 litterarum
2081 442 2171 470 cum
2214 428 2415 485 majorum
2454 430 2536 469 tum

159 494 357 544 minorum
381 494 534 553 ligura,
566 492 676 551 sigla
702 496 747 535 et
772 492 1012 551 compendia
1041 493 1247 538 scribendi
1276 500 1319 538 et
1346 498 1485 539 cetera
1514 495 1664 540 indicia
1690 496 1735 539 in
1773 495 1981 538 saeculi
2006 494 2124 541 XII.
2163 495 2339 539 altera
2378 498 2536 554 parte

157 562 264 605 hunc
290 562 435 606 librum
466 561 661 619 scriptum
674 573 771 603 esse
801 559 1023 605 declarant.
1078 561 1208 606 Illius·
1224 563 1370 607 aetatis
1400 578 1515 607 usum
1543 563 1679 624 prodit
1706 567 1899 607 accentus
1914 562 2076 607 litterae
2093 579 2111 607 ι
2126 562 2354 622 duplicatae
2374 562 2533 622 passim

157 630 309 674 infixus
336 629 516 685 (viciis),
554 627 678 672 multo
716 631 851 674 ιιιιιιοιι
887 629 1023 675 rarius
1061 644 1175 688 quam
1203 631 1248 676 in
1273 631 1401 676 Dess.
1438 633 1483 679 2.
1510 647 1588 677 nec
1615 645 1787 690 unquam
1830 632 1874 675 in
1904 646 1923 675 ι
1953 630 2150 691 simplici·
2189 635 2271 675 tum
2300 645 2325 674 e
2356 629 2533 690 simplex

157 711 232 756 pro
271 711 356 751 ae,
395 710 455 739 oe
492 695 584 739 fere
622 695 793 754 ubique,
823 711 861 741 ae
891 697 1038 776 siglam
1065 699 1200 742 rarius
1224 698 1289 755 (Π
1315 698 1451 760 Epist.
1477 698 1839 756 8,12.aere).d
1857 703 1899 742 et
1928 698 1953 742 d
1970 699 2199 758 promiscue
2227 703 2477 758 usurpatae·
2507 712 2531 739 r

155 764 319 823 ubique,
348 776 432 807 non
459 775 490 818 τ,
519 762 623 821 quod
653 777 764 808 saec.
793 764 941 808 XIII
928 780 972 810 ιιι
999 780 1076 809 usu
1103 767 1205 822 fuit,
1235 767 1258 809 s
1279 767 1445 827 longum
1473 768 1635 825 ubique,
1665 767 1787 809 etiam
1814 767 1860 808 in
1887 766 1969 808 fine
1997 780 2156 822 mcum,
2186 767 2255 810 ubi
2283 771 2419 808 tamen
2435 779 2531 808 sae-

156 833 249 892 pius
280 845 301 873 s
331 845 458 891 supra
482 831 631 875 lineam
660 833 806 875 elatum
834 836 962 890 (ren,
990 835 1161 895 legen,
1190 835 1344 889 istst)
1371 837 1484 878 more
1514 850 1627 878 saec.
1656 834 1733 877 XI.
1763 834 1916 880 etXII.
1945 825 2163 891 frequenti.
2221 834 2338 877 Inter
2367 833 2480 890 sigla
2504 832 2529 875 7

157 901 264 953 (non
292 897 355 955 ὦ)
384 914 459 959 pro
490 904 564 956 et,
586 910 753 961 ’ψῃ-ο
783 907 873 958 est,
901 903 959 959 ᾗ-
984 918 1060 963 pro
1091 903 1239 959 enim,
1269 904 1431 962 antiquo
1459 918 1561 958 usu3
1587 906 1619 946 9
1644 917 1720 962 pro
1750 917 1862 958 con,
1893 903 1966 946 sub
1995 902 2117 947 finem
2145 901 2256 946 illius
2273 901 2443 947 saeculi.
2477 926 2529 934 —

154 966 531 1027 Interpunctio
563 969 797 1029 simplicior,
826 971 870 1014 in
888 970 1020 1015 medio
1039 985 1164 1015 versu
1192 985 1304 1016 rara.
1331 975 1519 1030 punctum
1546 971 1700 1028 majus3
1730 974 1811 1014 tum
1838 984 1914 1029 pro
1944 970 2035 1014 colo
2066 975 2109 1014 et
2124 974 2320 1014 commate
2339 974 2531 1029 punctum

153 1036 286 1080 minus
316 1035 390 1094 (·)
421 1036 582 1095 signum
615 1037 900 1097 interrogandi
937 1040 1049 1094 (r).
1108 1038 1321 1097 Singulari
1347 1038 1468 1082 modo
1496 1039 1541 1081 in
1568 1038 1649 1081 fine
1677 1052 1867 1081 versuum
1895 1038 2130 1097 plerumque
2160 1037 2325 1095 signum
2352 1037 2525 1079 minoris

154 1104 428 1149 distinctionis
458 1109 558 1160 (Ρ)
587 1108 763 1166 positum
791 1112 836 1150 ut
862 1108 907 1150 in
933 1106 1089 1153 Dresd.
1118 1110 1159 1152 1.
1189 1109 1277 1162 (nr.
1309 1109 1401 1161 17).
1439 1130 1496 1139 —
1525 1106 1915 1165 orthographia
1952 1120 2132 1149 vocum
2174 1105 2411 1165 plerumque
2441 1118 2531 1147 cum

154 1173 325 1231 probato
365 1178 546 1217 veterum
584 1174 702 1219 codd.
740 1189 817 1216 usu
857 1175 1076 1229 convenit,
1105 1174 1217 1216 velut
1242 1174 1402 1229 milia,
1434 1178 1610 1228 sucus,
1639 1174 1811 1228 belua,
1841 1174 2054 1227 bachus,
2083 1179 2401 1231 percontor,
2432 1186 2526 1215 um-

156 1254 314 1296 quam,
344 1256 625 1298 numquam,
655 1241 922 1298 quicquid,
953 1242 1239 1298 quicquam,
1268 1240 1335 1295 di,
1366 1241 1465 1295 dis,
1497 1241 1745 1295 Terenti,
1767 1241 2080 1296 Acci,Bais,
2112 1240 2309 1295 obicis,
2328 1239 2532 1293 inicio,

155 1307 358 1362 deicio,
397 1308 589 1362 isdem,
621 1309 768 1362 haut,
796 1308 1003 1362 Lucili,
1034 1308 1180 1362 exul,
1225 1312 1473 1366 expecto,
1503 1322 1683 1366 expes,
1714 1312 1962 1366 sumptus,
1992 1313 2221 1367 tempno,
2252 1307 2533 1367 dampnum

156 1378 250 1418 cett.
282 1373 358 1418 sed
385 1374 507 1418 etiam
535 1373 709 1429 michi,
737 1373 924 1429 nichil,
956 1374 1202 1430 archana,
1230 1373 1454 1433 Jupiter.
1484 1373 1737 1418 Accus.III.
1759 1374 1920 1414 decl.in
1950 1388 2007 1415 es
2039 1387 2216 1433 semper.
2247 1399 2299 1407 —-
2328 1374 2531 1416 Lectio

153 1444 274 1501 huJus
305 1441 460 1486 codicis
488 1442 703 1485 maximam
730 1445 888 1501 partem
915 1446 1032 1484 recta
1060 1446 1103 1484 et
1128 1456 1262 1501 pura,
1294 1441 1503 1484 librarium
1534 1441 1635 1484 satis
1666 1440 1825 1484 doctum
1854 1445 1897 1483 et
1924 1441 2160 1499 diligentem
2187 1441 2335 1503 prodit.
2390 1440 2531 1486 Voca-

153 1512 250 1555 bula
290 1510 446 1570 passim
474 1509 656 1565 omissa,
684 1509 753 1553 vel
781 1509 917 1554 alieno
945 1509 1037 1554 loco
1066 1510 1211 1570 posita
1232 1508 1300 1553 vel
1328 1509 1564 1570 depravata,
1596 1509 1670 1552 sed
1697 1509 1849 1555 rarius.
1907 1508 2079 1553 Omnino
2108 1509 2175 1557 hic
2205 1509 2338 1554 codex
2366 1524 2389 1553 e
2417 1509 2529 1554 bono

153 1584 196 1622 et
223 1582 385 1622 vetusto
428 1578 653 1639 exemplari
689 1577 851 1620 videtur
888 1592 986 1621 esse
1024 1576 1279 1637 descriptus,
1322 1582 1368 1620 ut
1403 1578 1447 1621 in
1475 1578 1843 1637 praestantioribus
1872 1577 2080 1620 habendus
2112 1578 2179 1620 sit.
2235 1577 2530 1621 Memorabilcs

152 1647 304 1705 aliquot
347 1647 546 1690 lectiones
583 1647 826 1690 notavimus.
865 1647 900 1690 1.
941 1647 1034 1691 Sat.
1065 1650 1118 1702 1,
1162 1651 1233 1690 45.
1273 1646 1365 1690 dum
1400 1661 1502 1689 non
1542 1647 1598 1690 sit
1625 1652 1666 1688 te
1696 1646 1840 1689 dicior.
1868 1646 1939 1690 55.
1982 1645 2040 1688 de
2068 1661 2252 1704 magno
2294 1646 2532 1691 flumine.

149 1718 223 1759 59.
255 1715 464 1758 amittet
489 1715 534 1758 in
561 1714 696 1757 undis.
724 1718 794 1758 76.
824 1714 1145 1774 Invigilare.
1175 1717 1257 1770 lo,
1293 1717 1366 1756 91.
1398 1714 1685 1774 discipularum
1715 1739 1767 1745 —
1799 1717 2062 1758 catervas.
2089 1712 2134 1754 11
2163 1712 2251 1757 Sat.
2280 1716 2327 1769 8,
2356 1715 2430 1757 89.
2459 1713 2529 1757 Ιιι-

149 1787 315 1826 vertunt
343 1783 470 1825 aliis
499 1783 664 1825 vasis.
695 1782 731 1825 Ι.
748 1782 942 1841 Epistl,
973 1786 1043 1826 19.
1056 1783 1179 1825 rebus
1196 1797 1496 1841 supponere
1528 1797 1669 1826 conor.
1684 1781 1741 1826 II.
1756 1781 1950 1840 Epist.2,
1978 1782 2049 1825 58.
2070 1780 2206 1833 Quid
2235 1781 2344 1825 dem
2374 1797 2530 1839 quan-

152 1849 434 1909 doquidem
462 1849 657 1895 renuis.

262 1988 340 2044 15)
369 1986 567 2030 ῙΙΦΙὟ.
603 1985 655 2029 Ι.
687 1984 757 2028 Co
770 1984 867 2027 dex
895 1999 966 2027 ms
979 2000 1016 2031 c.
1030 1985 1322 2029 D’Orv'illii
1341 1986 1576 2028 vetustis
1589 1986 1767 2040 simus,
1798 1985 1953 2028 saeculi
1964 1985 2020 2028 X.
2041 1985 2210 2033 scholiis
2227 1985 2279 2027 ad
2297 1987 2528 2044 marginem

148 2056 390 2109 instructus,
419 2053 534 2108 cujus
563 2052 760 2097 lectiones
791 2051 842 2096 ad
871 2051 1089 2097 editionem
1118 2066 1154 2099 c.
1183 2057 1272 2100 not.
1298 2053 1453 2098 varior.
1511 2051 1651 2111 Lugd.
1665 2051 1760 2095 Bat.
1787 2054 1902 2096 1558
1928 2051 2209 2111 (Schrevelii)
2236 2052 2409 2097 collatas
2428 2067 2526 2113 sup·

148 2121 345 2182 peditavit
370 2120 491 2163 nobis
522 2119 750 2179 Sylloge
774 2119 1163 2163 Burmanniana
1198 2121 1451 2164 biblioth.
1480 2120 1691 2179 Regiae
1709 2121 1746 2162 B
1759 2121 2003 2164 erolinen
2017 2122 2094 2164 sis
2124 2123 2186 2175 (v.
2214 2121 2526 2165 Praefationem

147 2194 331 2234 nostram
355 2188 413 2231 ad
439 2188 547 2233 Hor.
576 2188 663 2231 Sat.
692 2188 785 2233 Vol.
813 2187 851 2231 I.
881 2203 923 2246 p.
944 2186 1015 2241 C.)
1043 2185 1124 2231 Hic
1150 2189 1257 2232 liber
1274 2188 1442 2232 Horatii
1469 2202 1597 2247 opera
1615 2188 1751 2232 omnia
1767 2187 1929 2232 videtur
1948 2203 2045 2233 esse
2075 2188 2327 2247 complexus,
2355 2194 2527 2247 praeter

146 2255 268 2319 Epod
282 2258 323 2301 1.
340 2282 391 2292 —
408 2257 480 2313 15,
510 2269 676 2315 quorum
703 2255 902 2300 lectiones
932 2254 1037 2316 apud
1053 2254 1197 2304 Burm.
1224 2260 1337 2301 certe
1358 2255 1518 2303 desunt.
1578 2254 1771 2301 Ceterum
1791 2255 1875 2300 -hac
1906 2255 1956 2300 de
1974 2256 2191 2301 collatione
2212 2255 2320 2299 idem
2335 2260 2525 2318 putamus

147 2324 401 2369 statuendum
418 2337 530 2380 esse,
550 2324 656 2382 quod
673 2324 723 2367 de
739 2324 958 2366 collatione
977 2324 1130 2367 codicis
1150 2324 1320 2383 Corbej.
1342 2326 1489 2384 (supra
1504 2334 1572 2373 nr.
1602 2325 1706 2378 11,).
1735 2324 1772 2365 Ε
1801 2324 1989 2366 lectionis
2016 2325 2217 2366 varietate
2236 2324 2342 2366 haec
2361 2326 2526 2367 notavi-

144 2408 258 2437 mus:
287 2393 323 2436 1.
343 2393 422 2436 od.
442 2396 513 2447 11,
530 2396 573 2435 7.
593 2393 822 2450 diffugit
848 2392 998 2435 invida.
1021 2387 1091 2447 12,
1123 2394 1195 2439 15.
1211 2397 1254 2436 et
1280 2397 1485 2436 terram.
1504 2395 1575 2448 18,
1597 2392 1669 2436 15.
1688 2391 1986 2435 Extollens.
2002 2390 2080 2436 111.
2098 2394 2144 2447 4,
2172 2393 2247 2438 88.
2276 2407 2335 2436 re
2349 2391 2526 2436 ddidit

147 2460 320 2522 oppidis.
348 2459 425 2516 lv,
453 2464 499 2516 4,
526 2462 599 2517 85,
628 2459 754 2506 Inde
768 2464 961 2505 corant.
978 2458 1022 2503 II
1037 2459 1126 2505 Sat.
1155 2464 1200 2517 4,
1228 2462 1299 2504 89.
1317 2461 1491 2504 conviva
1508 2474 1598 2521 rep
1611 2460 1734 2504 ouit.
1762 2460 1806 2516 5,
1835 2462 1904 2504 24.
1933 2474 2033 2503 ιιοιι
2063 2460 2114 2503 si
2142 2460 2300 2504 vafer
2327 2459 2365 2505 1.
2387 2460 2525 2521 Epist.

142 2533 188 2584 7,
215 2531 286 2572 51.
315 2529 506 2587 proprios
536 2534 892 2572 resecantem.
920 2528 978 2572 II.
1006 2528 1142 2587 Epist.
1171 2531 1217 2584 2,
1250 2530 1348 2573 154.
1377 2544 1401 2572 ι·
1414 2530 1691 2572 ationibus
1720 2529 1863 2574 isdem.
1894 2529 1951 2572 A.
1969 2534 2083 2588 poet.
2113 2531 2214 2573 254.
2253 2529 2286 2572 S
2299 2529 2360 2572 ed
2390 2529 2524 2573 data.

255 2664 336 2718 15)
365 2661 641 2709 nortl.
670 2662 831 2705 Alter
860 2662 970 2708 cod.
998 2677 1117 2706 msc.
1149 2663 1606 2720 D'Orvillii,-nitide
1629 2665 1822 2723 scriptus,
1854 2664 2009 2713 saeculi
2021 2663 2146 2710 XIII.
2162 2677 2253 2707 cum
2269 2664 2411 2707 eadem
2427 2664 2524 2708 edit.

142 2732 341 2787 collatus,
383 2731 497 2787 cujus
533 2730 732 2772 lectiones
775 2730 827 2771 ad
851 2731 986 2775 omnia
1014 2731 1118 2774 Hor.
1156 2744 1285 2789 opera
1320 2732 1576 2789 pertinentes
1615 2736 1780 2790 praeter
1816 2730 1947 2789 Epod.
1976 2733 2003 2772 1
2024 2755 2079 2763 —
2099 2733 2157 2773 15
2186 2731 2326 2774 eadem
2358 2732 2523 2789 sylloge

139 2801 284 2846 Bam.
312 2800 432 2843 nobis
463 2799 656 2842 exhibuit.
714 2798 935 2855 Utriusque
963 2798 1058 2841 libri
1084 2799 1151 2841 vir
1178 2798 1439 2842 doctissimus
1469 2799 1715 2842 mentionem
1742 2798 1842 2842 facit
1869 2798 1913 2842 in
1941 2798 2053 2842 notis
2083 2797 2136 2842 ad
2166 2797 2328 2843 charit.
2359 2797 2449 2855 ΙΠ,
2478 2802 2522 2844 7.

139 2867 219 2924 lv,
247 2870 317 2923 8.,
360 2866 480 2927 primi
521 2865 630 2910 illius
660 2865 712 2909 ad
740 2865 787 2921 l,
816 2868 858 2910 1.
886 2864 992 2916 Vll,
1022 2867 1066 2909 8.
1083 2864 1120 2908 Ε
1150 2866 1393 2910 lectionibus
1423 2866 1544 2924 hujus
1576 2867 1731 2911 codicis
1759 2866 1885 2909 hasce
1913 2866 2168 2911 notavimus:
2206 2866 2242 2910 I.
2272 2865 2349 2910 Od.
2376 2868 2422 2921 8,
2450 2868 2523 2911 85.

139 2936 520 2995 Porrupitque.
560 2937 630 2990 12,
659 2936 730 2979 81.
776 2933 855 2977 dii
883 2934 960 2977 sic
987 2933 1168 2978 voluere.
1197 2936 1269 2990 14,
1297 2936 1342 2980 9.
1370 2949 1466 2978 nec
1495 2934 1550 2980 di.
1579 2937 1652 2990 18,
1683 2936 1751 2978 15.
1780 2933 2083 2978 Extollens.
2112 2933 2171 2977 II.
2198 2938 2242 2989 4,
2271 2936 2316 2977 7.
2347 2934 2523 2979 medio

141 3004 422 3065 triumpho.
449 3003 528 3048 III.
565 3005 611 3059 4,
639 3004 713 3047 88.
744 3002 950 3047 addidit
978 3002 1209 3063 oppidis.
1240 3002 1373 3063 Epod.
1403 3005 1475 3059 17,
1503 3005 1579 3048 54.
1611 3006 1803 3063 suppetas
1834 3002 2181 3046 cruciatibus.
2209 3001 2267 3045 II.
2306 3000 2444 3062 Epist.
2477 3006 2521 3059 1,

143 3073 492 3119 181.reducet.
521 3075 618 3117 225.
649 3087 707 3116 eo
737 3073 857 3116 fore
886 3076 1177 3121 venturum.
1201 3074 1247 3128 2,
1274 3074 1374 3117 211.
1389 3072 1441 3115 fis
1457 3077 1580 3116 ante
1595 3071 1817 3116 cedente
1837 3076 2018 3116 senecta.
2033 3071 2087 3113 A.
2110 3070 2523 3130 poet.8.Pingun-

143 3144 228 3183 tur
257 3141 488 3200 species.
518 3139 712 3186 lzNon
741 3145 912 3186 tamen
940 3144 996 3185 ut.
1016 3141 1094 3184 2⁰.
1123 3145 1323 3186 enatet.
1352 3140 2024 3200 &Pythiueunuchmffla
2046 3138 2233 3183 laudes
2263 3140 2407 3184 merui.
2424 3142 2523 3184 282.

142 3208 195 3251 in
221 3207 316 3253 vim.
346 3211 446 3256 289.
475 3210 760 3269 clarisque.
