2737 3600
1336 174 1404 229 58

184 318 299 367 foliis
329 318 475 377 partim
501 316 697 374 integ-ris,
725 314 888 374 partin,
916 315 963 356 ut
987 310 1081 355 fors
1111 309 1229 368 tulit,
1246 309 1398 370 laceris
1426 309 1495 355 vel
1523 311 1738 371 amputatis
1772 314 1984 369 constant,
2013 325 2118 371 quae
2148 309 2250 359 Car.
2280 308 2391 357 Gall.
2419 307 2555 357 Muel-

183 387 273 431 lero
302 386 429 429 amico
457 383 737 429 intercedente
750 380 920 428 Metelli
945 378 1178 426 humanitas
1203 378 1325 427 nobis
1354 378 1503 423 utenda
1531 380 1750 425 concessit.
1805 379 1889 428 Hic
1916 394 2020 439 ergo
2050 379 2185 424 codex
2201 380 2299 423 olim
2326 378 2555 425 Horatii

186 467 346 511 opera
372 451 546 499 omnia
571 448 734 493 videtur
762 461 862 491 esse
888 444 1150 505 conplexus3
1178 460 1271 490 nam
1296 445 1342 492 ia
1369 445 1535 492 schedis
1549 447 1770 505 particulae
1785 447 1978 503 odarum,
2008 447 2267 503 Sermonum,
2296 446 2419 490 Artis
2437 449 2552 505 poet.

184 523 240 564 et*
253 518 529 579 Epistulam
567 515 765 575 plurimae
800 514 954 564 insunt·
1012 512 1125 560 Ordo
1152 513 1362 571 librorum,
1392 519 1578 573 quantum
1608 529 1632 560 e
1659 516 1850 575 vestigiis
1888 516 2087 574 colligere
2114 516 2228 571 licet,
2255 527 2432 576 prorsus
2463 513 2553 560 sin·

183 587 340 646 gularis
375 586 466 628 fuit.
522 584 630 627 Nam
665 585 838 638 quatuor
874 581 1052 630 onerum
1087 582 1218 627 libros
1257 584 1449 641 subsequi
1485 584 1666 637 videtur,
1706 597 1761 627 ex
1787 584 2070 640 antiquissima
2106 581 2431 636 consuetudine,
2459 581 2551 628 Ars

181 653 357 712 poetica.
417 650 528 695 Tum
561 648 738 708 Epodou
772 648 881 694 liber
920 653 963 694 et
990 664 1152 695 carmen
1187 664 1297 695 saec.
1333 650 1445 695 Dein
1480 649 1720 696 Sermonum
1755 650 1852 695 libri
1879 649 1984 706 duo,
2020 654 2231 710 postremo
2270 648 2552 709 Epistularum

181 720 277 764 libri
304 719 397 762 duo.
452 716 558 760 Nam
603 721 718 762 certe
747 714 925 761 Satira-1
951 718 1046 765 libri
1071 718 1129 762 11.
1157 723 1340 766 octavam
1368 719 1521 778 excipit
1546 719 1590 762 in
1618 718 1761 763 eadem
1788 717 1945 762 scheda
1971 717 2161 775 Epistola
2205 718 2352 777 prima,
2381 716 2482 759 licet
2508 717 2552 762 iu

181 786 259 832 hac
288 783 568 845 superscripta
592 782 807 843 legantur·
838 786 979 830 Oratis·
1003 787 1073 832 F!
1105 786 1281 831 Gan-m
1306 788 1498 836 nodare
1525 789 1708 843 esplics't.
1763 787 1917 843 Incipit
1945 787 2049 829 liber
2061 786 2292 842 Ephrem:
2323 783 2432 828 unde
2445 783 2553 830 hunc

182 852 361 897 fitalnm
373 865 428 894 ex
464 851 547 894 alio
576 851 718 895 codice
746 857 898 896 temere
928 855 1176 913 exscriptum
1212 854 1400 912 colligas.
1469 854 1588 897 Haec
1624 858 1757 897 antem
1793 854 1989 897 librorum
2026 854 2259 911 fragmenta
2287 856 2477 897 exstant:
2507 851 2553 907 a)

183 918 338 966 Odar.
369 918 427 966 L
454 918 530 967 lv.
560 933 597 963 c.
626 922 705 976 11,
743 923 965 978 16-12,
993 923 1069 969 21.
1097 922 1143 967 in
1170 922 1277 967 binis
1306 921 1422 969 foliis
1452 919 1685 978 duplicatis,
1714 934 1881 977 quarum
1908 920 2078 965 alteram
2104 924 2262 979 partem
2289 919 2409 964 Artis
2438 921 2553 978 poet.

181 988 457 1045 fragmentum
485 987 652 1035 obtinet.
680 989 726 1042 b)
752 988 907 1032 Artis
936 994 1073 1048 poet.
1103 1004 1143 1036 v.
1170 990 1414 1037 15-4-156.
1442 989 1713 1032 zoi—242.
1745 987 1873 1031 mutili
1903 1002 1943 1030 v.
1969 988 2242 1032 all—4⁵0.
2272 987 2317 1042 e)
2347 985 2553 1030 Sermo-

106 1062 117 1066 ‘
181 1068 295 1100 num
322 1053 441 1099 Lib.
470 1053 527 1100 11.
557 1059 635 1100 sat.
662 1057 920 1111 5,·2-86,
949 1059 995 1112 6,
1022 1058 1224 1103 61-,-ω
1252 1054 1468 1111 (dimidiati
1494 1054 1680 1110 versus).
1712 1055 1982 1098 los-11⁶.
2010 1056 2066 1108 1,
2096 1055 2282 1103 1-21.
2309 1056 2553 1101 ‘xe-118.

181 1123 227 1176 8,
257 1124 282 1164 1
303 1123 442 1165 -26,
473 1124 686 1167 ets—05.
715 1121 760 1179 d)
787 1122 1156 1181 Epistolarum
1182 1123 1282 1167 Lib.
1310 1122 1361 1177 1,
1398 1125 1442 1177 1,
1465 1136 1507 1169 v.
1537 1125 1582 1168 1.
1608 1123 1799 1164 1-22.
1828 1120 1924 1167 dein
1959 1120 2157 1166 dimidiati
2191 1134 2305 1165 vers.
2341 1122 2555 1164 n—as.

182 1191 395 1234 48-64.
425 1203 464 1233 v.
496 1191 592 1233 101.
620 1192 664 1235 8.
692 1188 797 1249 Epp.
826 1192 871 1245 2,
901 1192 999 1232 1-
1016 1192 1088 1245 18,
1114 1192 1171 1235 21
1198 1190 1389 1247 integrae
1418 1193 1598 1234 exstant.
1628 1202 1669 1232 v.
1697 1190 1897 1231 21-12
1935 1187 2077 1233 mutili.
2104 1185 2206 1230 Inde
2236 1201 2262 1231 a
2292 1200 2405 1231 vers.
2430 1188 2559 1232 12-

181 1254 262 1315 Ep.
292 1258 350 1300 26
393 1256 445 1301 ad
471 1256 593 1301 finem
629 1270 757 1314 usque
792 1257 959 1314 integra
996 1260 1106 1303 sunt·
1170 1256 1307 1315 Epist-
1343 1256 1402 1302 L.
1430 1255 1487 1300 11.
1517 1258 1562 1311 1,
1592 1259 1691 1300 1-
1707 1257 1791 1300 116
1828 1256 2026 1310 (abscisis
2066 1255 2218 1312 aliquot
2254 1255 2484 1310 versibus).
2514 1268 2555 1296 v.

180 1325 270 1368 226
287 1349 339 1359 -
356 1326 453 1369 m.
482 1339 521 1369 v-
550 1326 635 1372 261
652 1326 808 1369 -216
835 1323 1053 1369 dimidiati:
1092 1326 1139 1379 2,
1168 1325 1355 1369 1-21,
1394 1321 1606 1370 dimidiati.
1645 1337 1687 1366 v.
1713 1324 1913 1370 22-12
1940 1323 2122 1382 integri,
2150 1323 2304 1382 passim
2334 1321 2558 1367 obscurati.

181 1404 222 1435 v.
250 1392 464 1438 ‘ts-⁹4.
494 1405 534 1435 v.
565 1391 803 1435 90—115.
829 1390 970 1434 mutili.
1000 1413 1059 1425 -
1102 1388 1372 1436 Membranae
1399 1390 1503 1436 satis
1534 1403 1722 1446 crassae,
1758 1390 1873 1437 foliis
1901 1390 2181 1448 inaequalibus
2212 1390 2419 1448 quaternis
2448 1390 2560 1434 inter

181 1473 229 1501 se
258 1459 511 1517 compositis.
568 1458 766 1516 Singulae
804 1459 982 1516 paginae
1008 1471 1158 1500 versus
1187 1457 1340 1500 habent
1365 1460 1421 1499 21
1450 1458 1560 1499 inter
1586 1457 1718 1500 lineas
1749 1459 1843 1501 stilo
1874 1458 2016 1501 ductas
2046 1459 2243 1514 utrimque
2273 1458 2421 1516 duplici
2447 1457 2559 1500 linea

180 1522 507 1584 perpendiculari
534 1526 789 1579 terminatas,-
819 1524 962 1581 quibus
990 1523 1154 1567 litterae
1193 1523 1374 1567 initiales
1400 1522 1605 1580 paululum
1634 1527 1818 1568 semotae
1847 1538 1873 1568 a
1900 1529 2013 1568 textu
2042 1524 2312 1570 includantur.
2367 1523 2559 1569 Litterae

180 1605 374 1636 versuum
410 1590 588 1635 initiales
626 1594 669 1635 et
703 1590 810 1635 tituli
848 1595 1073 1635 atramento
1112 1590 1204 1635 fere
1243 1591 1411 1650 scripti,
1448 1589 1569 1634 modo
1607 1589 1844 1650 eclogarum
1878 1591 2058 1635 initiales
2097 1592 2251 1651 aliquot
2286 1596 2329 1636 et
2363 1591 2559 1635 librorum

180 1659 288 1702 tituli
328 1659 453 1702 minio
480 1658 593 1717 picti.
651 1657 939 1717 Scriptura
965 1658 1185 1713 luculenta,
1213 1658 1336 1718 plana
1364 1662 1408 1701 et
1435 1658 1654 1717 explicata,
1684 1663 1909 1702 atramento
1940 1674 1964 1702 e
1979 1660 2099 1702 fusco
2127 1661 2376 1718 nigricante,
2405 1660 2557 1702 minus·

180 1726 309 1771 culam
343 1726 569 1770 Romanam
606 1740 748 1785 puram
784 1730 828 1769 et
867 1726 1107 1771 concinnam
1142 1726 1296 1782 refert,
1335 1725 1465 1785 qualis
1511 1725 1666 1769 saeculi
1709 1726 1768 1771 X.
1806 1727 1910 1783 fuit,
1941 1732 1984 1771 et
2029 1741 2118 1771 cum
2159 1727 2301 1772 codice
2331 1725 2560 1771 Turicensi

177 1794 391 1855 plurimum
429 1794 701 1838 similitudinis
738 1795 871 1837 habet.
927 1794 1284 1853 Dipbtbengorum
1312 1808 1387 1849 ae,
1427 1808 1478 1837 oe
1530 1808 1620 1837 cum
1658 1795 1768 1853 siglo
1815 1809 1855 1838 ae
1883 1810 1984 1839 usus
2014 1797 2236 1854 frequens,
2276 1800 2321 1839 ut
2366 1796 2412 1838 in
2455 1794 2559 1837 anti·

181 1863 391 1920 quissimis
432 1862 573 1916 libris3
603 1864 771 1917 (caena,
801 1862 970 1917 caelum,
998 1861 1172 1919 proelia,
1214 1862 1359 1916 meae)=
1390 1876 1444 1917 ευ,
1475 1876 1526 1906 oe
1553 1862 1711 1921 passim
1739 1877 1815 1921 pro
1845 1878 1882 1907 e.
1912 1863 2107 1920 (calaebo,
2138 1878 2333 1920 scaenae,
2362 1862 2559 1923 coepere)

182 1929 260 1974 sed
277 1944 316 1985 e,
347 1947 376 1996 g
403 1944 478 1989 pro
517 1944 592 1985 ae,
634 1944 684 1973 oe
726 1929 957 1989 plerumque
996 1929 1238 1986 (Maecenas
1282 1933 1326 1972 et
1364 1927 1587 1983 Mecenas)
1624 1933 1787 1973 vetusto
1816 1944 1955 1984 more3
1993 1930 2010 1973 i
2038 1944 2181 1988 purum
2210 1931 2373 1988 ubique,
2404 1930 2423 1973 ί
2447 1929 2515 1973 vel
2543 1930 2559 1972 i

180 2012 403 2056 nusquam,
443 1996 470 2040 d
506 1997 652 2055 ubique
688 2011 775 2040 nou
813 1997 842 2040 δ
851 2013 863 2051 3
900 2012 938 2053 r,
974 2011 1059 2041 non
1087 2009 1126 2051 ις
1165 2011 1191 2039 ιι
1227 2011 1303 2056 pro
1349 2010 1377 2039 v
1425 2009 1602 2054 semper·
1642 1997 1664 2039 s
1686 1997 1852 2054 longum
1881 1998 2043 2055 ubique,
2074 1999 2186 2041 etin
2215 1999 2298 2041 fine
2324 2012 2496 2051 'voca-13
2535 2010 2556 2040 s

182 2066 304 2110 finale
330 2079 544 2122 nusquam.
575 2079 599 2107 r
626 2069 669 2107 et
695 2065 717 2107 s
728 2065 888 2107 litterae
917 2065 1027 2108 infra
1053 2064 1204 2108 lineam
1232 2063 1497 2121 descendunt,
1526 2065 1807 2109 vetustissimo
1827 2079 1918 2110 usu.
1978 2064 2133 2123 sigla
2161 2070 2214 2109 et
2242 2063 2556 2126 compendia

184 2130 469 2177 scribendi
503 2146 731 2191 perpauca:
763 2130 806 2175 ὦ
834 2133 1054 2190 frequens,
1080 2132 1126 2175 in
1154 2131 1299 2175 mediis
1328 2143 1486 2190 quoque
1513 2132 1682 2175 vocibus
1713 2131 2018 2188 (morid’cur),
2050 2140 2083 2183 ὅ
2105 2147 2180 2192 pro
2210 2139 2277 2176 est
2303 2133 2554 2191 plerumque,

181 2211 255 2248 κὰμ
290 2200 444 2245 rarius.
507 2199 908 2259 Orthographia
948 2214 1128 2243 vocum
1179 2200 1380 2257 antiquam
1426 2199 1758 2243 consuetudinem
1801 2204 1964 2243 servata
2022 2199 2238 2256 Ulixes,
2285 2198 2554 2259 Juppiter,

181 2268 408 2322 Bacbus,
457 2265 522 2322 di,
570 2266 650 2310 dis
680 2267 782 2322 (sed
824 2267 1029 2323 Cassii,
1058 2267 1246 2323 Livii),
1275 2267 1442 2323 milia,
1489 2270 1587 2317 tus,
1634 2268 1776 2324 baca,
1806 2268 1979 2326 grais,
2009 2282 2238 2325 cumque,
2267 2280 2553 2325 numquam,

182 2349 427 2394 umquam,
459 2335 754 2395 quicquam,
786 2334 1045 2395 quicquid,
1073 2335 1400 2394 nequiquam,
1443 2335 1776 2395 percontari,
1805 2338 1975 2393 urget,
2004 2335 2130 2391 vult,
2158 2334 2348 2391 vultus,
2373 2336 2553 2393 jocun-

188 2403 296 2459 dus,
324 2403 525 2462 pulcra,
556 2408 831 2459 coturnus,
859 2404 1075 2462 proicit,
1105 2403 1323 2458 abicito,
1353 2403 1522 2458 obice,
1551 2403 1815 2461 aspicere,
1853 2403 2131 2457 inberbes,
2160 2407 2397 2461 temptat,
2437 2416 2554 2446 con·

185 2475 480 2529 tempnere,
518 2471 703 2526 viciis,
732 2472 959 2527 tociens,
991 2471 1218 2525 sedicio,
1246 2470 1444 2524 tercia,
1488 2469 1623 2513 haud
1652 2476 1693 2512 et
1736 2470 1871 2512 haut.
1909 2469 2148 2513 Accusativi
2191 2470 2337 2513 tertiae
2377 2469 2481 2516 decl.
2512 2471 2557 2516 iu

183 2539 223 2581 is
272 2538 376 2580 satis
423 2537 659 2594 frequentes
682 2539 860 2595 (avis,
891 2538 1102 2593 suavis,
1133 2537 1401 2593 cenantis,
1430 2536 1621 2591 hostis,
1658 2537 1847 2598 pluriS,
1877 2536 2038 2592 acris,
2067 2537 2315 2595 majoris,
2356 2536 2556 2582 decem-

182 2604 332 2663 bris).
390 2604 788 2648 Distinctionis
820 2607 979 2665 signa
1006 2610 1194 2665 punctum
1209 2606 1340 2664 majus
1369 2606 1442 2662 (.)
1469 2607 1602 2649 minus
1632 2605 1703 2663 (·)
1733 2603 1952 2648 semicolon
1981 2605 2055 2660 (ς)
2085 2603 2370 2664 interrogandi
2392 2606 2557 2664 signum

184 2675 299 2729 (ρ).
330 2697 383 2705 -
414 2671 641 2716 Glossae
684 2673 794 2715 inter
820 2673 953 2716 lineas
984 2678 1026 2716 et
1054 2673 1267 2716 scholia
1288 2672 1348 2716 ad
1374 2674 1602 2731 margines,
1633 2673 1770 2716 eadem
1812 2686 1889 2730 qua
1931 2672 2022 2730 ipse
2050 2676 2187 2716 textus
2219 2678 2355 2716 aetate
2385 2674 2554 2733 scripta,

185 2742 232 2785 in
260 2740 365 2783 Arte
394 2744 502 2800 poet.
531 2738 732 2798 Epistolis
763 2744 805 2782 et·
826 2739 1093 2783 Semonibus
1122 2740 1225 2783 satis
1254 2739 1400 2794 multa3
1432 2739 1665 2785 Carminum
1692 2741 1920 2798 fragmenta
1947 2739 2105 2797 glossis
2134 2740 2254 2785 modo
2269 2742 2483 2789 insu-ncta.
2498 2765 2556 2775 —

179 2806 377 2854 Lectio
415 2806 535 2867 hujus
575 2805 729 2850 codicis
767 2806 999 2871 plerumque
1048 2806 1158 2850 bona
1203 2810 1246 2850 et
1284 2807 1451 2871 antiqua
1494 2821 1603 2852 cum
1627 2807 1856 2852 Graeviano
1905 2806 2044 2852 codice
2086 2806 2314 2870 plurimum,
2361 2809 2483 2852 etiam
2510 2809 2556 2853 iu

185 2876 314 2920 titulis
354 2875 603 2934 eclogarum,
633 2875 847 2931 convenit3
877 2873 952 2917 sed
978 2879 1148 2936 propter
1175 2874 1321 2921 multos
1354 2868 1476 2917 locos
1506 2874 1746 2919 obscuratos
1776 2889 1900 2934 saepe
1926 2874 2118 2934 impedita
2141 2881 2184 2918 et
2211 2875 2410 2922 difficilis.
2447 2875 2555 2934 Ejus

186 2945 410 2988 varietates
447 2943 713 2988 notabiliores
735 2947 904 3001 propter
931 2941 1086 2987 codicis
1115 2941 1422 3020 praestantiam
1423 2956 1503 2986 nos
1520 2957 1576 2986 ex
1588 2943 1791 3009 plerisque
1806 2942 1896 3000 ejus
1912 2941 2156 3001 fragmentis
2174 2943 2295 3003 paulo
2305 2943 2473 3004 largius
2487 2943 2557 2987 hic

182 3011 465 3067 indicabimus,
493 3012 735 3072 praesertim
753 3024 842 3053 cnm
862 3006 1102 3053 Orellins
1121 3006 1177 3055 V.
1204 3008 1309 3054 el.
1295 3024 1340 3052 ιιι
1359 3009 1475 3070 cujus
1499 3011 1684 3059 manibus
1711 3010 1787 3055 hae
1817 3009 1994 3053 schedae
2021 3011 2164 3068 fuere,
2194 3025 2295 3074 quas
2326 3009 2555 3055 Codicis

179 3076 606 3125 Einsiedlensis
637 3076 906 3139 appellatione
943 3077 1125 3132 notavit,
1151 3076 1207 3122 iis
1245 3077 1408 3120 omnino
1446 3091 1548 3122 usus
1576 3092 1662 3125 non
1689 3078 1760 3133 sit,
1789 3077 1895 3134 quod
1921 3077 2041 3121 nobis
2069 3076 2227 3123 demum
2254 3079 2398 3124 facere
2423 3079 2557 3135 licuit,

183 3145 398 3215 postquam
440 3146 546 3190 corii
592 3143 738 3189 sordes
797 3145 939 3203 quibus
978 3144 1165 3188 obtectae
1203 3148 1347 3200 erant,
1397 3144 1633 3191 cautissime
1681 3144 1888 3195 abluimus
1925 3143 2003 3195 IV
2041 3143 2121 3193 od,
2165 3147 2354 3203 12,11
2404 3146 2556 3192 Dele-

180 3202 427 3270 ctantque
467 3212 710 3270 deum.18,
750 3214 818 3256 14.
857 3212 971 3256 cari
1006 3210 1180 3274 lapides·
1212 3210 1270 3259 Π.
1302 3211 1394 3262 Sat,
1417 3214 1477 3283 5
1518 3216 1565 3257 6.
1596 3213 1797 3259 redeat.
1829 3216 1898 3257 11.
1930 3212 2018 3257 sive
2048 3212 2258 3271 aliquid
2284 3215 2457 3274 privum.
2486 3217 2556 3259 18.
