2737 3600
1272 200 1277 203 s
1328 176 1395 226 38

168 314 406 357 Carminum
437 313 495 355 Τ.
524 311 558 352 Ῑ.
587 325 627 366 p.
657 307 781 351 XIII.
812 308 881 363 qui
910 321 1039 364 pravo
1063 308 1225 365 iudici·
1261 310 1368 354 bunc
1398 307 1580 353 codicem
1607 310 1653 354 in'
1680 308 1970 353 vetustissimis
2000 321 2049 352 ac
2077 308 2447 366 praestantissimis
2473 311 2547 361 ha-

167 380 340 425 bendum
370 379 420 422 ad
450 391 561 421 saec.
589 374 688 419 XII.
719 379 789 418 aut
815 373 935 418 XIII.
966 375 1131 431 retulit3
1169 376 1289 421 modo
1318 377 1399 420 hoc
1427 381 1542 422 recte
1571 375 1688 433 vidit,
1719 376 1870 419 ceteris
1897 374 2191 436 Lipsiensibus
2219 388 2319 419 csse
2345 378 2548 435 antiquie-

168 462 268 492 rem.
298 447 411 489 Janii
449 444 779 502 designationem
806 442 907 500 Lip
919 456 954 484 s.
995 444 1037 486 2.
1068 457 1148 486 nos
1189 445 1234 487 in
1264 444 1494 488 Satirarum
1522 444 1603 489 Ed.
1648 445 1902 488 servavimus
1944 448 1986 486 et
2014 443 2216 486 Obbarius
2244 443 2289 493 in
2324 443 2461 501 Epist.
2492 469 2555 483 —⁴

168 515 248 560 Hic
275 514 396 570 liber,
427 513 545 571 cujus
576 516 751 558 externa
782 510 943 571 species
973 509 1201 568 horridior,
1232 514 1480 571 tegumentis
1510 512 1712 556 coriaceis
1741 511 1861 556 valde
1876 511 2043 557 rudibus
2059 515 2102 556 et
2115 511 2305 568 vetustis,
2334 512 2420 557 116
2433 510 2549 557 folii·

168 586 344 636 constat,
374 582 506 640 primo
528 581 761 634 deficiente,
792 584 835 621 ut
854 579 1020 637 incipiat
1036 581 1086 622 ab
1102 580 1180 624 od.
1210 580 1247 634 1,
1277 583 1322 633 2,
1352 583 1425 624 88.
1484 580 1593 622 Hinc
1613 593 1741 637 opera
1758 580 1924 623 Horatii
1937 582 2073 623 omnia
2086 581 2281 634 continet,
2308 580 2387 623 hoc
2405 579 2550 624 ordine

166 653 209 693 in
244 649 540 691 vetustissimis
582 647 703 690 modo
743 647 949 690 codicibus
980 653 1171 690 servato:
1221 647 1443 690 Odarum
1480 647 1655 690 libros
1695 645 1771 691 lv.
1809 646 1987 690 Artem
2025 652 2163 705 poet.
2202 646 2426 706 Epodon
2460 647 2553 693 lib.

169 716 393 761 Carmen
424 728 564 758 saec.
593 713 963 772 Epistularum
992 713 1165 757 libros
1184 711 1818 758 ILSermonumlibrosll.
1848 712 2552 773 Sedfoliaconl‘usiusligata3nam

166 785 239 828 fol.
266 784 468 826 stt—8⁷
496 780 608 836 (Sat.
639 781 707 836 11,
747 784 791 836 2,
823 783 905 824 1⁰2
922 807 973 813 -
991 780 1082 826 Sat.
1107 782 1152 836 5,
1180 783 1262 835 92)
1291 782 1400 824 inter
1429 781 1530 824 folia
1557 782 1644 822 109
1659 804 1712 812 -
1729 781 1814 821 11⁰
1841 780 2065 824 inserenda
2103 787 2210 827 sunt.
2255 782 2457 841 ,Scriptus
2486 786 2556 826 est

164 852 269 896 liber
296 850 341 893 in
368 849 605 892 membrana
634 849 737 892 satis
768 863 912 891 crassa
940 862 1016 891 nec
1042 847 1253 892 admodum
1281 848 1442 904 munda,
1474 847 1550 892 sed
1570 846 1817 901 sordidiore,
1847 847 1983 891 multis
1997 848 2103 892 locis
2123 850 2244 893 etiam
2262 850 2552 907 inquinatiorc‚

166 933 284 962 manu
306 918 397 960 fere
416 916 560 959 eadem
590 930 666 974 per
695 920 821 958 totum
850 915 1047 969 codicem,
1076 916 1194 958 modo
1210 917 1416 959 nonnullis
1435 917 1556 969 locis,
1586 920 1629 958 ut
1657 914 1819 957 videtur
1847 919 2013 973 mutata,
2042 915 2154 958 velut
2179 916 2216 962 1.
2247 916 2327 963 0d.
2346 919 2402 960 12
2419 921 2462 960 ct
2479 918 2555 972 18,

167 991 391 1029 atramento
421 1000 506 1028 non
526 985 674 1040 ubique
695 984 870 1040 aequali,
900 985 942 1026 in
960 984 1101 1042 primis
1121 986 1179 1027 89
1198 984 1309 1027 soliis
1328 984 1542 1042 pallidiore
1559 988 1600 1026 et
1613 998 1743 1042 paene
1764 982 1899 1036 fusco,
1928 982 1972 1025 in
1985 982 2247 1038 sequentibus
2263 984 2397 1042 magis
2410 984 2553 1042 nigre-

167 1060 324 1099 scente.
381 1054 574 1110 Paginae
605 1067 746 1094 omnes
778 1051 984 1110 simplices
1013 1052 1163 1095 babent
1191 1067 1382 1095 versuum
1411 1052 1634 1096 columnas.
1692 1049 1854 1096 Versus
1873 1050 1917 1093 in
1936 1049 2111 1108 singulis
2127 1051 2292 1110 paginis
2306 1053 2381 1107 84,
2410 1051 2555 1113 scripti

166 1124 274 1167 inter
302 1121 436 1166 lineas
468 1126 731 1164 transversas
760 1134 837 1177 per
866 1124 992 1162 totum
1022 1118 1204 1163 codicem
1235 1119 1329 1164 stilo
1361 1125 1479 1163 acuto
1511 1112 1681 1174 ductas,
1697 1123 1755 1175 ‚ut
1795 1118 1839 1162 in
1863 1117 2029 1178 paginis
2073 1119 2236 1163 aversis
2280 1132 2436 1178 quoque
2477 1133 2557 1164 ex·.

169 1203 346 1251 pressae
378 1191 625 1248 appareant,
665 1186 863 1242 utrimque
905 1187 1010 1228 binis
1050 1186 1172 1228 lineis
1214 1187 1619 1246 perpendicularibus
1647 1187 1847 1240 inclusas,
1890 1187 1998 1228 inter
2035 1199 2134 1243 quas
2173 1187 2336 1229 litterae
2372 1188 2555 1230 initiales

168 1271 361 1300 versuum
402 1257 606 1311 scriptura
642 1254 866 1308 majuscula
896 1267 936 1295 s.
969 1254 1208 1295 semunciali
1237 1255 1424 1308 alternis,
1455 1260 1537 1297 tum
1566 1258 1791 1296 atramento
1821 1259 1902 1296 tum
1930 1254 2054 1296 minio
2083 1255 2234 1311 pictae,
2264 1253 2340 1296 sed
2366 1255 2553 1312 proxime

166 1326 407 1380 conjunctae
439 1336 528 1364 cum
555 1320 705 1364 litteris
737 1320 1017 1377 sequentibus,
1046 1334 1130 1363 non
1159 1319 1360 1365 distantes
1391 1322 1441 1365 ab
1470 1322 1542 1376 iis,
1573 1325 1616 1364 ut
1642 1321 1686 1364 in
1714 1319 1920 1379 plerisque
1957 1319 2075 1364 libris
2105 1335 2206 1365 mss.
2261 1320 2454 1365 Litterae
2483 1336 2552 1365 cc·

162 1392 349 1451 logarum
378 1388 560 1433 initiales
590 1402 665 1446 per
694 1391 821 1430 totum
850 1386 1032 1430 codicem
1050 1388 1229 1445 majores
1251 1402 1287 1432 s.
1306 1388 1503 1448 capitales
1526 1388 1654 1431 variis
1676 1387 1881 1430 coloribus
1903 1387 2053 1446 pictae,
2083 1388 2240 1447 passim
2259 1388 2381 1431 etiam
2399 1389 2553 1447 sigillis

165 1458 402 1519 quibusdam
431 1456 523 1500 rudi
554 1455 729 1498 artificio
760 1469 1015 1514 expressae,
1058 1454 1132 1497 sed
1161 1460 1206 1498 ut
1234 1470 1333 1498 cura
1371 1456 1620 1513 ornandique
1661 1455 1834 1498 studium
1863 1456 2008 1513 ubique
2037 1460 2245 1514 appareat.
2305 1456 2483 1501 Tituli
2509 1458 2554 1500 in

168 1528 354 1570 omnibus
384 1526 476 1567 fere
508 1524 666 1580 eclogis
698 1538 723 1564 a
752 1524 986 1580 posteriore
1016 1536 1135 1565 manu
1151 1525 1275 1566 minio
1305 1525 1510 1581 inscripti,
1538 1524 1688 1566 litteris
1716 1524 1948 1580 plerumque
1976 1524 2230 1577 minusculis,
2260 1523 2336 1567 sed
2351 1524 2555 1581 aliquanto

165 1594 407 1652 majoribus,
437 1592 482 1636 in
513 1589 775 1636 Carminibus
813 1589 873 1634 nil
909 1589 993 1634 nisi
1021 1594 1191 1634 metrum
1232 1589 1436 1646 indicant,
1467 1604 1534 1634 ex.
1564 1604 1631 1649 gr.
1661 1590 1845 1634 Mettum
1875 1590 2111 1647 Saphicum.
2132 1605 2167 1634 s.
2193 1591 2377 1635 Metram
2395 1592 2557 1636 duobus

163 1663 347 1705 verubus
362 1663 604 1702 Alcaicum.
620 1681 678 1690 -
708 1657 931 1700 Scholia
960 1663 1011 1699 et
1040 1658 1262 1715 glossae
1291 1672 1520 1718 perpaucae
1536 1658 1795 1717 inEpistolis
1815 1663 1858 1699 et
1872 1658 2023 1700 Satiris
2046 1660 2201 1717 passim
2223 1659 2401 1714 additae,
2436 1661 2558 1719 parvi.

164 1728 456 1773 aestimandae.
514 1727 564 1769 Iu
583 1725 758 1783 Lyricis
776 1740 952 1783 prorsus
972 1725 1133 1769 absunt.
1151 1750 1207 1757 —
1238 1725 1524 1785 Scriptura
1552 1726 1709 1783 hujus
1741 1724 1950 1768 codicis
1970 1741 2053 1769 non
2068 1726 2240 1784 elegans
2254 1727 2325 1770 illa
2339 1727 2498 1784 quidem
2512 1733 2556 1771 et

162 1796 310 1852 nitida,
339 1801 384 1839 ut
411 1796 454 1838 in
485 1793 601 1837 codd.
629 1792 742 1836 Mor.
774 1797 816 1835 et
846 1790 970 1848 Tur„
1002 1791 1083 1850 sed
1105 1797 1243 1848 recta,
1264 1793 1386 1853 plana
1415 1798 1457 1837 et
1486 1793 1705 1853 explicata,
1735 1807 1823 1836 cum
1852 1796 1939 1837 tota
1965 1793 2118 1849 indole,
2149 1798 2230 1837 tum
2259 1794 2436 1853 singulis
2466 1795 2552 1853 qui-

162 1863 335 1910 busdam
362 1862 526 1906 indiciis
558 1860 766 1904 saeculi
794 1860 851 1904 X.
868 1873 1026 1902 manum
1056 1862 1286 1903 certissime
1315 1861 1464 1920 prodit.
1522 1862 1777 1903 Litterarum
1807 1861 1949 1903 ductus
1980 1860 2144 1908 rotundi
2170 1863 2304 1919 magis
2334 1876 2450 1920 quam
2478 1876 2551 1915 an·

165 1933 305 1990 gulosi
332 1945 512 1974 normam
543 1927 750 1972 scribendi
780 1927 956 1971 nondum
984 1928 1043 1969 ita
1073 1928 1315 1985 explicatam
1330 1929 1578 1985 firmiterque
1609 1929 1870 1971 constitutam
1900 1933 1942 1970 ιιι
1968 1929 2204 1986 posteriore
2232 1934 2367 1973 aetate
2383 1944 2486 1988 prae
2503 1945 2552 1975 se

163 2000 314 2044 ferunt.
372 1998 562 2042 Litterae
600 1995 638 2041 b.
669 1993 712 2039 d.
743 1993 776 2042 f.
805 1994 849 2041 b.
876 1993 905 2041 l.
934 1993 965 2038 s.
998 1998 1050 2039 ct.
1082 1999 1135 2039 st.
1167 2010 1294 2054 supra
1319 1994 1470 2040 lineam
1506 1994 1626 2055 paulo
1669 1994 1836 2055 longius
1865 1993 2117 2055 productae,
2157 1994 2232 2039 sed
2259 2010 2283 2041 r
2311 2000 2354 2041 et
2381 1996 2405 2041 s
2428 1997 2552 2043 etiam

162 2067 274 2112 infra
301 2065 465 2121 lineam,
495 2077 608 2107 more
637 2062 747 2105 illius
779 2061 951 2117 saeculi,
981 2061 1245 2105 descendunt.
1277 2062 1319 2118 d,
1347 2078 1386 2118 r,
1416 2063 1438 2104 s
1462 2063 1626 2121 ubique,
1655 2076 1850 2121 nusquam
1880 2062 1921 2118 d,
1952 2075 1982 2117 ι,
2012 2077 2047 2105 s.
2063 2062 2182 2105 modo
2200 2065 2331 2121 majus
2348 2063 2553 2124 Spassim

162 2138 206 2178 in
235 2136 316 2177 fine
346 2148 494 2176 vocum
533 2131 761 2186 (telluS,
800 2129 1138 2182 retrorsuS).
1175 2131 1281 2172 Litt.
1313 2146 1338 2172 e
1365 2132 1409 2172 in
1437 2131 1613 2188 capitulo
1651 2131 1842 2173 lineolam
1869 2131 2106 2190 productam
2135 2137 2301 2186 servat,
2328 2147 2442 2176 more
2478 2148 2551 2176 ve·

165 2202 412 2246 tustissimo.
438 2216 454 2243 1
483 2200 648 2256 ubique,
688 2196 719 2253 ί,
750 2196 798 2252 ss,
828 2197 845 2239 i
873 2210 1085 2253 nusquam.
1126 2195 1413 2240 Certissimum
1442 2202 1575 2240 autem
1605 2197 1760 2241 saeculi
1786 2197 1844 2241 X.
1873 2196 2152 2241 documentum
2181 2198 2243 2253 (si
2270 2212 2360 2242 cum
2399 2200 2549 2243 ceteris

162 2272 338 2328 jungas)
379 2267 653 2311 creberrimus
693 2269 760 2307 est
797 2263 1140 2322 diphthongorum
1180 2278 1239 2306 ae
1269 2270 1310 2306 et
1347 2278 1405 2307 oe
1450 2279 1539 2307 cum
1569 2265 1678 2322 siglo
1708 2278 1747 2307 ae
1775 2279 1893 2318 usus,
1923 2266 1991 2321 qui
2014 2266 2100 2321 jam
2127 2265 2358 2322 insequenti
2387 2267 2552 2311 saeculo

165 2339 210 2381 in
239 2353 269 2401 ᾳ
297 2337 367 2380 vel
397 2350 421 2379 e
451 2335 630 2378 transiit.
679 2331 862 2390 Legitur
891 2331 999 2373 enim
1026 2331 1281 2388 frequentius
1314 2329 1549 2387 Caesar,
1579 2331 1800 2387 caelum,
1839 2331 2126 2375 Maecenas
2165 2330 2231 2389 (et
2256 2332 2551 2393 Mecenas),

167 2417 380 2458 saeuus,
412 2414 625 2460 aequor,
657 2413 764 2454 aes,
785 2398 977 2453 laetus,
995 2397 1198 2456 Lyaeo,
1218 2400 1431 2453 Troiae,
1463 2398 1654 2454 siluae,
1684 2400 1843 2454 vitae,
1862 2400 1986 2453 haec,
2007 2411 2132 2456 quae,
2156 2413 2347 2456 quaero,
2370 2403 2550 2461 palmae

166 2477 245 2517 etc.
274 2469 500 2531 proelia,
531 2467 759 2521 moenia,
789 2465 1032 2520 Poenus,
1062 2466 1259 2519 foetus,
1288 2466 1485 2508 loetum
1513 2470 1591 2511 etc.
1622 2471 1666 2509 ut
1694 2472 1829 2510 tamen
1858 2482 1887 2532 φ
1916 2472 1996 2509 ete
2026 2479 2101 2525 pro
2131 2480 2207 2521 ae,
2237 2481 2324 2523 oe,
2353 2470 2550 2528 antiquis·

167 2540 270 2582 simo
308 2552 446 2593 more,
484 2550 570 2579 non
607 2535 755 2578 desint.
784 2558 842 2566 —
888 2533 1042 2590 Sigla
1079 2537 1132 2575 et
1172 2534 1477 2592 compendia
1505 2534 1792 2578 scribendi
1833 2532 2033 2592 sfflplicia
2060 2540 2103 2578 et
2140 2536 2368 2580 vetustiora
2396 2540 2551 2583 sunni

828 2610 914 2640 it
2221 2634 2398 2649 --.-

167 2651 407 2707 frequenter
436 2648 756 2706 superscriptum
786 2649 862 2701 (m,
893 2651 925 2700 t,
969 2644 1122 2696 mihi,
1153 2643 1273 2699 tibi)
1304 2658 1363 2694 m,
1394 2659 1423 2687 n
1463 2644 1615 2688 lineola
1651 2651 1765 2689 recta
1807 2646 2093 2705 significantur
2133 2637 2192 2702 (a,
2230 2663 2262 2704 1,
2292 2664 2336 2706 u,
2363 2664 2432 2705 nc,
2461 2664 2551 2706 am,

166 2719 248 2772 im,
278 2731 370 2771 um,
399 2715 552 2771 nunc)
582 2730 640 2758 us
671 2720 800 2758 etur
829 2728 956 2758 curva
985 2703 1065 2769 (ιῖι,
1095 2702 1147 2768 ἓ,
1175 2702 1226 2769 ἱ,
1254 2726 1387 2768 mus,
1426 2716 1524 2769 tus,
1554 2715 1657 2768 tur)
1688 2713 1721 2758 c*
1748 2713 1957 2774 significat
1984 2729 2080 2759 con
2109 2717 2326 2775 (nusquam
2353 2731 2377 2761 ο
2406 2716 2474 2763 vel
2499 2719 2551 2773 0)

167 2793 200 2837 ὅ
226 2789 310 2830 est
338 2783 497 2841 (rarius
526 2791 591 2828 ν-’.ι
622 2796 697 2841 pro
728 2786 843 2838 est,
874 2781 1039 2841 antiquo
1071 2785 1206 2823 tamen
1235 2780 1329 2836 usu)
1360 2794 1382 2822 z
1413 2780 1523 2844 sign.
1554 2785 1620 2837 et,
1649 2780 1903 2841 frequentius
1934 2773 2007 2838 dc,
2022 2782 2158 2839 initio,
2187 2782 2338 2841 medio,
2366 2784 2448 2827 fine
2475 2798 2549 2829 vo-

170 2868 258 2897 cum
286 2851 451 2908 (d’ciam,
480 2848 651 2903 recinet,
680 2848 817 2902 latd'c).
846 2872 901 2881 —-
940 2848 1349 2891 Distinctionis
1380 2848 1537 2906 signa
1563 2863 1709 2907 pauca,
1738 2854 1929 2908 punctum
1956 2850 2086 2895 maius
2116 2851 2192 2904 (.)
2220 2850 2288 2894 vel
2314 2851 2446 2894 minus
2477 2853 2550 2907 (·)

169 2920 393 2963 semicolon
422 2925 464 2970 (ς
481 2920 549 2970 e)
578 2916 863 2973 interrogandi
892 2917 1056 2974 signum
1085 2916 1210 2970 (ἓξ)
1241 2915 1316 2958 sed
1343 2915 1515 2974 plurima
1544 2917 1815 2974 aposteriore
1844 2931 1963 2960 manu
1993 2916 2144 2962 addita.
2172 2942 2224 2951 -
2258 2917 2549 2977 Orthogra-

167 2987 293 3046 phia
322 2998 502 3028 vocum
539 2982 673 3042 p'roba
710 2983 966 3040 etantiqua,
1006 2983 1241 3042 plerumque
1271 2982 1387 3025 utin
1415 2982 1544 3025 Dess.
1575 2985 1616 3025 1.
1647 2981 1916 3042 Juppiter,
1961 2983 2184 3039 caelum,
2213 2984 2376 3040 milia,
2404 2985 2549 3042 baca,

166 3054 337 3109 belua,
368 3066 544 3108 sucus,
576 3048 845 3110 quicquid,
876 3051 1160 3109 quicquam,
1188 3049 1519 3109 nequiquam,
1548 3064 1790 3108 umquam,
1811 3065 2084 3109 numquam,
2105 3051 2550 3112 quicumque,vul-

169 3133 280 3176 tus,
325 3125 592 3179 sumptus,
624 3118 819 3173 obicit,
849 3117 925 3173 di,
965 3118 1073 3173 dis,
1104 3117 1295 3173 deicit,
1323 3117 1471 3173 Bais,
1501 3123 1810 3176 percontor,
1841 3123 1937 3164 cett.
1963 3118 2195 3179 Praecipue
2222 3120 2426 3164 nominum
2453 3136 2550 3184 pro-

168 3190 353 3250 priorum
380 3192 497 3232 recta
524 3186 759 3247 plerumque
790 3185 977 3244 scriptio,
1006 3198 1105 3229 rara
1132 3184 1176 3227 in
1203 3184 1319 3228 libris
1349 3199 1470 3241 mss„
1499 3184 1711 3229 laudanda.
1741 3184 1767 3229 d
1794 3186 1950 3245 passim
1978 3200 2054 3246 pro
2084 3191 2103 3230 t
2129 3186 2341 3246 (capud,
2370 3187 2551 3244 velud)
