2737 3600
1290 181 1359 233 45

144 322 329 364 diversas
346 322 544 365 lectiones
562 321 621 363 ad
639 318 870 374 mar-geum
888 316 1011 372 hnjue
1027 316 1125 360 la’bn’
1136 317 1384 369 notabam,
1414 318 1563 374 qm’que
1577 318 1698 361 hodie
1721 320 1852 372 (circa
1881 330 1922 360 a.
1943 318 2075 375 lm)
2096 320 2214 372 apud
2230 319 2320 359 Jac.
2346 318 2508 359 Mente·

144 391 246 431 lium
269 390 471 432 medicum
497 389 774 430 Paris-’emm
799 390 1006 436 urentur,
1035 390 1225 428 aetatem
1240 387 1328 428 000
1347 399 1548 428 annor-um
1578 388 1774 429 excedere
1801 388 2156 441 deprehendimus.
2215 387 2339 427 Hunc
2367 393 2509 428 tamen

144 457 242 499 olim
268 458 397 513 ipsius
424 454 619 497 Lambini
639 454 773 504 fumo
800 452 942 494 edocta·
973 453 1162 495 eunus.“
1201 452 1336 509 Hujus
1373 453 1437 495 rei
1471 454 1652 496 notitiam
1679 453 1826 496 Janius
1866 467 1925 495 ex
1953 453 2135 495 Fabricii
2163 454 2269 496 libro
2300 453 2328 496 l.
2368 467 2403 494 c.
2434 467 2508 495 na·-

145 528 233 565 ctus
262 523 409 565 falsam
438 534 534 563 esse
565 533 619 561 ex
657 519 764 560 locis
794 518 949 574 aliquot
976 533 1064 562 cum
1092 520 1285 563 Lambini
1314 522 1610 564 commentariis
1641 521 1800 564 collatis
1831 520 2008 578 probare
2039 520 2201 563 studuit.
2228 520 2335 563 Nam
2363 520 2398 563 1.
2430 519 2508 563 Od.

142 591 223 643 28,
260 591 303 633 6.
331 587 494 630 Mene*
530 585 655 641 legit:
703 584 1042 642 perculsisse
1081 586 1276 645 polum,
1324 602 1437 645 quam
1479 588 1693 630 lectionem
1729 587 1877 630 Lamb.
1916 587 2087 643 ignorat
2125 588 2266 639 (etiam
2302 587 2437 631 Vand.
2468 593 2510 629 et

139 655 275 709 Pott.)
305 653 338 696 Ι.
371 652 424 698 0.
451 652 524 706 31,
555 652 626 695 18.
653 649 788 694 Ment.
819 657 870 694 at
897 667 1113 712 precor,
1159 655 1225 696 ubi
1252 655 1397 696 Lamb.
1428 655 1545 697 modo
1575 660 1713 697 notat:
1746 653 2026 710 „Legendum
2055 658 2188 695 autem
2218 658 2267 695 et
2294 669 2508 710 precor,

137 736 220 765 non
248 726 301 761 at
326 719 571 777 precor.“
599 717 635 760 Ι.
661 717 800 773 0.3Ί,
829 721 899 762 28.
927 720 1090 765 Ment.*
1118 727 1340 779 pectore
1371 724 1721 775 combiberet,
1762 735 1878 777 quam
1915 721 2133 764 lectionem
2160 720 2311 765 Lamb.
2341 721 2510 778 ignorat

139 787 284 843 (etiam
315 783 450 831 Vand.
480 789 523 827 et
548 784 682 835 Pott.)
711 786 805 829 item
833 786 888 829 11.
919 788 968 830 Ο.
995 790 1039 843 3,
1070 791 1138 831 11.
1167 788 1332 832 Ment.*
1359 789 1525 832 ramis
1556 801 1756 845 quoque
1788 787 2019 845 obliquo.
2048 787 2195 829 Lamb.
2226 786 2361 831 Vand.
2388 787 2506 830 Pott.

137 856 350 913 ignorant.
385 853 423 898 Ι.
453 852 505 898 0.
535 855 619 907 12,
657 855 699 896 3.
727 854 859 900 Ment.
895 855 1018 912 legit:
1057 857 1265 899 retinet
1318 857 1509 898 iocosa
1537 858 1644 909 (non
1671 856 1898 909 recinet,
1929 860 1973 897 ut
1999 854 2098 899 Jani
2127 857 2261 913 putat)
2290 854 2397 912 quod
2425 869 2503 897 nec

136 922 284 966 Lamb.
332 935 424 964 nec.
463 919 596 966 Vand.
635 926 704 963 aut
738 921 851 964 Pott.
889 922 1095 967 indicavit.
1163 923 1289 967 Certe
1338 923 1406 980 qui
1444 922 1576 965 codex
1611 922 1679 964 ille
1717 937 1771 965 ex
1804 923 2088 966 Lambinianis
2134 924 2268 966 fuisse
2307 922 2503 981 potuerit,

137 993 233 1048 post
266 987 454 1031 Mentelii
492 986 647 1044 dictus,
694 1003 771 1031 nec
816 989 1053 1046 conjectura
1095 1005 1172 1034 nec
1211 990 1456 1049 comparatIs
1494 990 1602 1032 inter
1640 1003 1688 1032 se
1726 989 1897 1047 plurium
1936 989 2042 1032 Hor.
2081 989 2276 1032 librorum
2314 990 2504 1032 lectioni-

134 1057 210 1100 bus
239 1057 405 1114 assequi
432 1056 552 1099 nobis
583 1057 767 1115 contigit.
796 1080 853 1089 —
880 1057 1031 1101 Restat
1068 1063 1112 1101 ut
1150 1072 1415 1115 quaeramus,
1460 1071 1555 1100 num
1595 1055 1805 1099 Gudianus
1843 1056 1912 1097 ille
1968 1055 2102 1098 codex
2138 1056 2207 1099 Jo.
2248 1057 2339 1101 Jac.
2381 1057 2503 1099 Men-

136 1124 247 1179 telii,
277 1123 423 1167 medici
450 1124 721 1178 Parisiensis‚
751 1126 1072 1180 vetustissimus,
1101 1126 1209 1169 idem
1237 1127 1377 1180 fuerit,
1407 1126 1474 1183 qui
1504 1125 1579 1168 sub
1610 1123 1816 1167 codicis
1846 1122 2199 1166 Mentelliani
2227 1125 2390 1167 nomine
2418 1124 2503 1166 Pa-

135 1192 251 1234 risiis
280 1192 401 1234 hodie
431 1196 633 1244 servatur,
662 1191 847 1233 laudatus
877 1197 920 1234 et
949 1193 1117 1235 collatus
1147 1208 1173 1235 a
1199 1192 1542 1250 Vanderbourgio
1581 1196 1623 1234 et
1649 1191 1854 1234 Pottiero.
1914 1189 2040 1234 Certe
2069 1192 2107 1234 is
2137 1192 2180 1234 in
2210 1191 2504 1248 antiquissimis

138 1264 180 1303 et
206 1259 571 1317 praestantissimis
602 1273 628 1301 a
654 1256 862 1304 Venderb.
890 1262 1123 1302 numeratur
1151 1263 1194 1302 et
1224 1258 1395 1303 saeculo
1424 1259 1480 1302 X.
1509 1259 1711 1301 tribuitur.
1755 1257 2105 1301 Membranaceus
2147 1264 2213 1301 est
2241 1259 2379 1301 forma
2408 1272 2504 1315 qua-

138 1325 269 1381 drata,
299 1331 340 1369 et
353 1325 466 1369 foliis
483 1327 578 1368 195.
597 1325 732 1368 omnia
744 1324 911 1372 Horatii
926 1339 1054 1383 opera
1069 1327 1264 1380 continet,
1293 1327 1372 1368 hoc
1384 1327 1547 1382 antiquo
1565 1325 1734 1368 ordine:
1767 1325 1988 1368 Odarum
2015 1326 2182 1367 libros
2212 1324 2287 1370 IV.
2317 1326 2506 1367 Artem

136 1398 273 1452 poet.
302 1392 523 1452 Epodon
550 1393 637 1435 lib.
660 1391 824 1434 Carm.
859 1405 1002 1434 saec.
1022 1392 1393 1449 Epistolarum
1420 1392 1594 1435 libros
1614 1391 1670 1434 11.
1701 1391 2007 1434 Sermonum
2035 1392 2211 1435 libros
2240 1392 2298 1437 ll.
2321 1391 2503 1435 Scholiis

135 1466 176 1504 et
203 1461 360 1520 glossis
390 1461 440 1503 ab
469 1460 586 1504 initio
616 1459 843 1516 inLyricis
861 1458 1096 1516 largissime
1126 1463 1193 1502 est
1219 1459 1459 1514 instructus,
1488 1458 1713 1501 rarioribus
1740 1459 1824 1515 jam
1852 1457 1989 1501 indea
2015 1458 2119 1502 libro
2148 1458 2243 1513 111„
2273 1460 2317 1502 in
2336 1459 2503 1517 Episto-

134 1528 186 1571 lis
217 1533 258 1571 et
287 1528 435 1571 Satiris
463 1527 583 1585 plane
614 1526 909 1570 deficientibus.
968 1524 1154 1568 Gudiana
1183 1540 1340 1584 quoque
1369 1526 1534 1568 collatio
1565 1525 1617 1568 ad
1646 1526 1780 1567 omnia
1808 1526 1913 1569 Hor.
1943 1540 2069 1583 opera
2096 1527 2285 1583 pertinet.
2342 1526 2506 1570 Deinde

137 1610 215 1651 qua
242 1610 289 1638 re
317 1595 501 1652 inprimis
531 1592 711 1635 adducor
720 1625 741 1646 ,-
763 1597 808 1635 ut
836 1592 1061 1636 Gudianum
1100 1593 1309 1651 exemplar
1345 1592 1453 1636 idem
1481 1592 1591 1637 illud*
1607 1592 1851 1636 Parisiense
1881 1606 1978 1636 esse
2009 1593 2213 1652 suspicer,
2243 1593 2406 1637 famosa
2433 1593 2505 1637 illa

138 1660 383 1721 subscriptio
421 1658 593 1706 Vettii
621 1658 815 1718 Agorii
844 1659 1027 1703 consulis
1067 1659 1241 1704 Romani
1273 1665 1364 1714 est,
1404 1674 1520 1717 quam
1557 1664 1654 1718 post
1690 1658 1858 1717 Epodos
1897 1667 1938 1701 et
1974 1664 2067 1701 ante
2099 1658 2277 1702 Carmen
2316 1675 2427 1702 saec.
2460 1662 2504 1701 in

136 1729 359 1788 exemplari
389 1742 464 1770 suo
493 1728 761 1770 Mentelliano
790 1736 993 1785 repertam
1021 1726 1335 1783 Vanderbourg.
1367 1727 1425 1770 Τ.
1456 1727 1492 1771 Ι.
1521 1743 1563 1785 p.
1590 1728 1676 1769 89⁵
1703 1726 1822 1785 plane
1849 1726 1994 1769 iisdem
2023 1727 2161 1770 verbis
2178 1728 2376 1782 exhibuit,
2401 1741 2503 1784 quae

130 1798 216 1854 jam
265 1810 390 1854 supra
429 1809 483 1838 ex
525 1794 616 1837 cod.
653 1793 843 1838 Gothano
881 1796 934 1848 2,
981 1794 1020 1837 b.
1059 1808 1099 1852 p.
1141 1795 1210 1837 24.
1249 1808 1274 1835 a
1310 1794 1430 1837 nobis
1478 1793 1602 1837 allata
1638 1792 1800 1851 Marqu.
1843 1792 1999 1837 Gudius
2039 1807 2195 1851 quoque
2232 1796 2277 1837 in
2317 1807 2393 1837 suo
2434 1808 2502 1837 co-

137 1864 226 1908 dice
255 1863 423 1908 invenit.
490 1859 607 1905 Haec
637 1862 742 1905 enim
772 1862 861 1919 ejus
902 1861 1028 1903 verba
1066 1865 1161 1919 post
1191 1859 1368 1904 Carmen
1408 1875 1521 1907 saec.
1556 1862 1602 1904 in
1646 1860 1752 1903 libro
1790 1861 2010 1919 Lipsiensi
2053 1862 2253 1920 inscripta
2286 1862 2502 1920 leguntur.

135 1935 211 1976 Aa
224 1936 360 1988 finem
386 1932 441 1976 L.
469 1932 613 1987 Epod.
636 1931 742 1972 Hor.
780 1945 825 1972 m
859 1936 990 1971 meto
1017 1929 1211 1971 Lambini
1247 1932 1350 1972 haec
1377 1932 1502 1973 verba
1529 1922 1807 1994 Ζεςσόαπίπνε
1835 1930 1882 1980 Q.
1913 1930 2083 1995 Hon—
2061 1931 2182 1972 mac.
2222 1932 2402 1986 Dpodon
2431 1946 2504 1973 ex·

129 2003 266 2058 plicet.
321 1999 485 2042 Vettius
520 1998 714 2054 Agerius
748 1998 937 2040 Basilia
965 1998 1198 2040 Mavortius
1232 1989 1345 2041 1²50.
1373 2005 1418 2040 et
1445 2001 1518 2041 ml.
1551 2012 1606 2040 es
1632 2012 1733 2040 com.
1764 1999 1872 2039 dom.
1904 2013 1957 2040 es·
1985 2013 2095 2042 οοπο.
2123 2001 2215 2043 ord.
2243 1999 2357 2054 Lege
2382 2006 2427 2041 et
2456 2007 2506 2040 ut

131 2071 256 2125 potui
281 2060 498 2110 emendavi
523 2069 760 2120 conserente
787 2067 889 2107 mula·
914 2067 1123 2120 Magistro
1147 2068 1273 2118 felice
1303 2067 1481 2109 Oratore
1506 2067 1595 2108 urb.
1637 2067 1757 2107 Rom.
1760 2066 1790 2088 ‘⁶
1853 2065 1969 2108 Haec
2006 2067 2099 2125 ipsa
2142 2082 2195 2109 ex
2245 2080 2320 2108 suo
2361 2065 2506 2109 codice

133 2135 272 2198 Paris.
306 2133 416 2176 dedit
443 2131 759 2189 Vanderbourg.
817 2130 903 2174 Sed
933 2132 1070 2174 omisit
1104 2132 1313 2187 fortasse,
1343 2147 1445 2190 quae
1485 2137 1706 2190 sequuntur
1743 2132 1850 2198 apu—cl
1879 2132 2070 2199 Gu—dium,
2099 2134 2387 2176 convenientia
2416 2147 2505 2175 cum

135 2203 188 2245 iis
211 2215 313 2259 quae
343 2215 398 2243 ex
426 2199 519 2244 cod.
536 2198 724 2242 Gotbano
752 2200 797 2253 2,
825 2199 866 2242 b.
895 2198 1014 2257 paulo
1043 2199 1202 2258 plenius
1233 2199 1452 2249 edidimus.
1484 2201 1647 2255 ,,Ιποι“ρ.
1682 2201 1830 2243 Sclare
1860 2215 1989 2246 carm.
2015 2204 2071 2256 qd
2096 2205 2226 2256 patri.
2259 2216 2325 2243 ne.
2356 2209 2505 2244 canta-

134 2285 219 2313 ver.
251 2269 304 2323 (i.
327 2283 366 2313 e.
393 2267 543 2326 Incipit
571 2266 780 2310 saeculare
810 2281 974 2309 carmen
1002 2265 1108 2324 quod
1135 2267 1244 2325 patri
1270 2281 1360 2311 meo
1391 2270 1670 2321 cantaveram)
1700 2270 1758 2310 ad
1786 2269 1952 2310 chorum
1961 2271 2295 2324 puellm-umque.
2297 2268 2328 2291 “
2389 2268 2506 2312 Haec

138 2336 228 2380 sine
257 2334 376 2379 dubio
406 2335 451 2378 in
479 2333 620 2378 codice
648 2333 843 2377 Pariensi
869 2333 1004 2379 Vand.
1032 2334 1084 2378 Ε.
1113 2335 1294 2393 reperiet
1326 2336 1367 2379 si
1396 2336 1485 2393 quis
1531 2336 1758 2378 accuratius
1787 2336 2027 2394 inspexerit.
2085 2334 2224 2388 Quare
2254 2350 2344 2376 cum
2372 2336 2506 2394 ipsum

136 2416 284 2447 nomen
321 2403 530 2447 codicis
572 2402 694 2445 olim
729 2401 1077 2444 Mentelliani
1114 2402 1208 2445 huic
1235 2402 1340 2446 libro
1367 2416 1456 2447 non
1484 2408 1637 2446 temere
1666 2403 1831 2445 inditum
1861 2417 1956 2445 esse
1984 2408 2146 2460 posset,
2175 2402 2284 2445 haud
2312 2403 2403 2446 fere
2433 2404 2505 2446 du—

136 2470 352 2514 bitandum·
367 2471 465 2513 mihi
494 2485 591 2512 esse
606 2469 834 2523 videbatur,
865 2469 959 2526 quin
989 2468 1198 2514 Gudianus
1227 2470 1298 2513 ille
1325 2470 1432 2514 liber
1460 2471 1761 2514 vetustissimus
1790 2469 2098 2525 Jac.Mentelii‚
2128 2469 2274 2514 medici
2287 2469 2504 2514 Parisien-

138 2540 214 2593 sis,
245 2537 376 2581 codex
406 2538 473 2580 hic
503 2541 619 2580 esset
643 2536 935 2581 Mentellianus
964 2535 1284 2598 Vanderburgii„
1343 2537 1429 2582 Sed
1456 2543 1606 2597 postea
1635 2552 1749 2596 quam
1776 2538 1974 2581 lectiones
2005 2537 2214 2582 Gudianus
2245 2551 2334 2581 cum
2349 2537 2504 2582 codicis

134 2606 391 2650 Parisiensis
419 2604 473 2650 E.
498 2602 608 2663 apud
636 2602 862 2661 Vanderb.,
891 2607 933 2650 3.
965 2605 1071 2666 apud
1097 2606 1276 2651 Pottier.
1308 2606 1551 2651 lectionibus
1582 2608 1630 2651 ab
1659 2607 1723 2650 his
1753 2606 1853 2649 viris
1878 2605 2050 2651 doctiss.
2067 2606 2247 2666 vulgatis
2265 2621 2505 2667 comparare

139 2673 360 2734 coepimus,
391 2671 603 2732 scrupulus
634 2670 764 2713 denuo
789 2674 1062 2729 gravissimus
1106 2674 1157 2716 de
1185 2675 1295 2716 illius
1324 2675 1420 2717 libri
1448 2689 1536 2718 cum
1565 2677 1642 2718 hoc
1668 2675 1901 2717 Parisiensi
1930 2675 2222 2717 convenientia
2250 2676 2370 2717 nobis
2401 2676 2504 2731 inje-

138 2747 230 2784 ctus
261 2746 337 2782 est.
396 2739 603 2796 Siquidem
626 2739 836 2780 lectiones
854 2753 909 2781 ex
937 2746 1106 2796 utroque
1136 2741 1283 2785 allatae
1310 2757 1408 2785 raro
1440 2742 1605 2787 eaedem
1634 2746 1739 2795 sunt,
1770 2756 1895 2799 saepe
1925 2741 2048 2785 etiam
2076 2742 2185 2786 inter
2215 2757 2262 2786 se
2292 2741 2507 2786 dissident.

134 2810 314 2853 Praeter
340 2809 455 2852 locos
486 2821 610 2863 supra
637 2804 782 2850 allatos
812 2804 941 2851 hosce
969 2822 1045 2866 pro
1075 2806 1261 2867 exemplo
1293 2808 1557 2856 contulimus:
1596 2809 1629 2854 Ι.
1660 2807 1735 2853 Οιί.
1763 2810 1808 2865 Ί,
1837 2809 1908 2852 32.
1939 2808 2071 2855 Ment.
2100 2809 2505 2871 peragrat-bimus

137 2890 350 2936 aequor.
378 2889 465 2920 non
493 2876 558 2935 ap.
587 2873 733 2916 Lamb.
763 2873 849 2931 (qui
877 2874 1011 2917 multis
1041 2875 1131 2933 agit
1158 2874 1208 2916 de
1237 2889 1278 2918 v.
1317 2876 1547 2928 iterare)
1575 2891 1650 2919 nec
1667 2891 1730 2935 ap.
1759 2876 1894 2919 Vand.
1925 2883 1968 2918 et
1994 2878 2107 2921 Pott.
2136 2879 2180 2928 1.
2201 2881 2269 2930 12,
2297 2881 2339 2917 9.
2371 2878 2507 2920 Ment.

134 2945 373 2987 rabidos.
413 2947 483 2987 13.
525 2942 786 3002 parentis.
818 2947 1025 2998 utrumque
1054 2944 1098 2983 in
1126 2942 1178 2984 E.
1207 2941 1342 2986 Vand.
1373 2944 1455 2997 (nil
1485 2960 1549 3001 ap.
1578 2946 1711 2997 Pott.)
1740 2945 1796 2987 ib.
1827 2947 1896 2989 15.
1926 2944 2058 2988 Ment.
2089 2961 2146 2988 ac
2176 2952 2371 2988 terras.
2404 2948 2509 2998 (non

136 3028 203 3071 ap.
253 3012 388 3057 Vand.
429 3017 471 3054 et
508 3011 644 3067 Pott.)
672 3011 743 3054 31.
781 3008 943 3053 Ment.*
980 3009 1059 3054 sic
1097 3008 1151 3054 di
1187 3008 1406 3056 voluere
1446 3013 1553 3068 (non
1591 3028 1652 3072 ap.
1693 3008 1823 3057 Vand.·
1855 3010 2038 3057 etPott.
2070 3010 2179 3056 falso
2209 3009 2332 3056 Jani:
2375 3011 2509 3071 quod

136 3079 217 3123 sic
255 3079 502 3137 voluere)
539 3079 609 3124 43.
647 3076 808 3122 Meut*
847 3090 1008 3121 saeva
1046 3077 1108 3122 al.
1147 3091 1332 3137 magna
1370 3078 1581 3141 (non‘ap.
1608 3078 1747 3125 Vand.·
1778 3080 1895 3124 Pott.
1934 3080 2031 3123 Jani
2068 3081 2236 3133 omisit.)
2276 3084 2347 3123 46.
2376 3081 2506 3122 Ment.

133 3146 383 3191 Martelli
419 3150 527 3203 (non
555 3160 620 3205 ap.
649 3144 784 3190 Vand.
811 3145 940 3198 Pott.)
970 3147 1040 3188 57.
1079 3146 1245 3190 Ment.*
1281 3147 1476 3190 laetum
1514 3152 1616 3202 (non
1643 3148 1693 3188 E.
1725 3162 1788 3205 ap.
1817 3148 1953 3192 Vand.
1984 3148 2058 3191 sed
2087 3148 2191 3200 alii).
2218 3148 2252 3191 1.
2283 3148 2333 3191 Ο.
2364 3151 2435 3202 20,
2466 3150 2508 3191 3.

132 3213 265 3257 Ment.
296 3215 457 3260 elevi.
486 3214 539 3262 E.
570 3228 634 3273 ap.
662 3211 797 3259 Vand.
825 3214 855 3255 8
884 3227 947 3272 ap.
975 3212 1087 3257 Pott.
1119 3217 1162 3256 et
1192 3228 1269 3258 sex
1289 3213 1375 3259 alii.
1400 3216 1474 3271 28,
1502 3215 1695 3259 6.-Μοιιῐ.
1724 3213 1908 3259 Manet
1935 3229 2074 3260 mors
2105 3213 2210 3272 (non
2225 3214 2276 3262 Ε.
2294 3230 2357 3274 ap.
2374 3214 2505 3260 Vand.
