2737 3600
1336 174 1407 224 30

180 308 237 357 V.
268 309 335 355 cl.
365 309 459 353 olim
487 308 664 363 benigne
690 305 906 347 nobiscum
935 307 1319 361 communicaverat,
1347 319 1454 349 nunc
1482 310 1524 349 et
1550 306 1670 363 hujus
1687 308 1729 348 et
1742 304 1910 347 aliorum
1924 303 2095 360 quinque
2110 302 2293 348 codicum
2309 305 2556 366 Guelpherb.

185 393 277 425 cum
316 378 468 421 duobus
504 373 829 417 Scholiastarum
865 377 1051 421 veterum
1094 375 1304 418 codicibus
1343 387 1460 418 usum
1495 374 1776 431 propriamque
1816 371 2089 431 cognitionem
2128 369 2557 422 schoenemanni

184 446 240 492 V.
259 445 323 488 Cl.
337 440 574 486 humanitati
600 437 808 482 debemus.
826 479 829 481 ,
867 435 1006 488 Quare
1026 452 1115 481 cum
1131 446 1252 483 antea
1263 441 1381 483 trium
1396 440 1518 484 modo
1536 440 1654 486 codd.
1671 439 1843 497 Guelph.
1856 439 2097 482 lectionibus
2113 439 2320 495 excerptis
2335 443 2557 499 uteremur,

183 527 288 561 nunc
326 523 381 553 ex
418 506 587 565 propria
623 503 905 549 aestimatione
945 500 996 546 de
1031 503 1149 549 hisce
1189 520 1268 550 sex
1301 506 1420 551 libris
1448 523 1549 554 mss.
1573 506 1760 567 judicare
1795 506 1915 551 nobis
1942 505 2053 552 licet.
2082 530 2137 539 —
2183 505 2264 550 Hic
2293 519 2397 565 ergo
2426 507 2560 554 codex

113 578 122 596 ⁸
185 577 288 625 Gud.
318 578 416 620 1⁰8.
457 575 523 618 cui
564 573 737 632 primum
764 572 872 614 inter
901 569 1290 629 Guelpherbytanos
1318 574 1452 617 locum
1481 576 1561 618 viri
1590 576 1701 618 docti
1727 576 1871 618 merito
1902 575 2134 633 assignant,
2164 575 2340 630 omnino,
2364 574 2463 618 licet
2489 589 2558 619 re·

182 646 342 689 centior
372 644 443 697 sit,
472 643 516 683 in
544 640 783 682 melioribus
813 643 856 680 et
884 637 1225 694 splendidioribus
1254 644 1404 694 poetae
1432 643 1567 682 nostri
1609 642 1833 686 habendus.
1888 642 2159 684 Mundissime
2189 643 2294 684 enim
2321 647 2363 684 et
2389 656 2559 685 accura-

182 714 341 756 tissime
377 712 423 752 in
458 709 695 751 membrana
733 706 836 750 satis
875 705 967 748 alba
1003 711 1045 748 et
1071 705 1281 763 laevigata
1309 706 1359 748 ab
1388 706 1506 749 initio
1537 707 1590 750 ad
1617 708 1740 760 linem
1768 707 1909 752 eadem
1937 725 2056 752 manu
2086 710 2280 768 scriptus,
2308 710 2559 768 marginibus

183 779 327 836 amplis
359 791 414 820 ex
441 775 552 819 omni
580 781 699 832 parte
728 773 900 828 relictis,
931 772 1083 816 decora
1111 773 1266 832 specie,
1296 773 1543 831 tegumentis
1572 774 1688 816 corio
1716 787 1920 831 purpureo
1951 775 2134 819 obductis
2165 791 2188 819 e
2218 777 2324 820 bono
2353 781 2396 820 et
2422 791 2559 821 emen·

183 847 277 892 dato
316 842 543 903 exemplari
582 842 787 900 originem
824 840 993 884 duxisse
1030 840 1204 884 videtur.
1268 839 1403 883 Foliis
1443 841 1528 883 1⁰4
1563 854 1647 883 non
1685 841 1864 898 signatis
1903 847 2099 886 constans
2113 876 2128 898 ,
2157 844 2208 887 ab
2235 845 2352 888 initio
2380 844 2559 901 mutilus,

183 913 367 959 continet
395 925 422 955 a
450 924 579 955 carm.
609 909 656 965 I,
695 911 766 954 28.
796 908 1017 952 Odarum
1043 908 1217 952 libros
1245 907 1321 953 Iv.
1350 906 1570 966 Epodon
1607 907 1728 952 libr.
1769 906 1996 951 Carmen
2035 923 2170 954 saec.
2207 912 2391 956 Artem
2418 916 2559 972 poet.

183 982 492 1025 Sermonum
519 979 695 1020 libros
724 977 780 1018 11.
811 976 1024 1032 Epistulae
1054 976 1212 1019 desunt.
1275 975 1498 1019 Columnae
1528 989 1718 1018 versuum
1756 974 1801 1017 in
1830 975 2007 1032 singulis
2036 979 2201 1033 paginis
2230 981 2436 1036 simplices
2464 996 2559 1026 ver·

185 1049 300 1093 sibus
330 1050 390 1091 28
418 1049 636 1098 constant,
675 1043 842 1102 scriptis
881 1043 989 1087 inter
1025 1043 1156 1087 lineas
1195 1042 1289 1086 stilo
1330 1041 1531 1086 subtiliter
1570 1039 1736 1096 ductas,
1775 1040 1883 1084 binis
1922 1041 2121 1099 utrimque
2159 1046 2559 1102 perpendicula-ihu.

184 1114 440 1159 terminatas.
497 1110 689 1153 Litterae
719 1114 761 1151 et
787 1110 982 1151 librorum
1012 1114 1053 1152 et
1081 1110 1317 1168 eclogarum
1359 1109 1539 1151 initiales
1570 1122 1711 1150 omnes
1741 1120 1870 1164 parva
1909 1109 2049 1166 sigilla
2076 1110 2264 1152 referunt
2290 1115 2419 1156 variis
2449 1116 2561 1158 eolo.

184 1183 301 1225 ribus
330 1182 442 1237 picta
470 1180 580 1220 circa
606 1179 766 1219 litteras
796 1178 886 1219 auri
913 1177 1085 1219 lamellis
1114 1178 1273 1228 factas3
1301 1177 1497 1219 librorum
1526 1176 1683 1232 quidem
1711 1176 1839 1233 paulo·
1862 1176 2058 1233 ampliora
2087 1182 2195 1220 sunt.
2252 1178 2443 1224 Litterae
2466 1197 2562 1226 ver-

186 1264 306 1294 sunm
332 1246 509 1291 initiales
539 1243 681 1289 eodem
711 1258 789 1301 quo
820 1244 904 1302 ipsi
933 1259 1080 1289 versus
1110 1249 1333 1289 atramento
1363 1242 1511 1303 pallide
1539 1243 1662 1302 nigro
1693 1242 1871 1302 scriptae
1901 1242 2243 1303 simplicissimae,
2273 1259 2298 1289 a
2313 1250 2427 1292 textu
2445 1249 2561 1307 paul.

186 1317 309 1362 lulum
343 1317 538 1358 semotae.
597 1310 731 1354 Tituli
766 1311 811 1355 in
838 1311 1011 1370 Lyricis
1051 1317 1093 1355 et
1120 1311 1277 1371 Epodis
1315 1311 1523 1371 plerisque
1561 1311 1775 1354 breviores
1813 1310 2021 1370 pigmento
2040 1311 2189 1369 pallide
2206 1313 2330 1356 rubro
2355 1314 2561 1375 inscripti,

187 1386 298 1428 velut
324 1383 362 1428 I.
391 1381 471 1425 od.
500 1382 573 1424 25.
611 1378 689 1422 Ad
717 1378 940 1423 Lidiam.
970 1383 1041 1423 26.
1078 1379 1155 1423 Ad
1184 1379 1382 1424 Musam
1420 1379 1480 1423 de
1508 1379 1702 1422 Lamia.
1730 1380 1803 1423 27.
1831 1378 1908 1421 Ad
1938 1378 2162 1423 sodales
2193 1394 2336 1427 suos.
2366 1384 2437 1426 28.
2467 1383 2563 1427 Ar·

184 1452 391 1508 chytam
419 1447 795 1507 philosophum
825 1447 1130 1504 alloquitur.
1161 1450 1232 1491 29.
1262 1447 1341 1492 Ad
1370 1446 1579 1491 Iccium.
1608 1449 1680 1490 80.
1711 1446 1931 1489 Euctice
1959 1446 2270 1503 Veneri.IV,
2301 1452 2342 1495 1.
2370 1450 2559 1501 Acina..

184 1519 327 1563 vium,
347 1515 655 1560 Maximum!
687 1513 911 1558 Sermones
934 1515 1060 1558 titulis
1085 1520 1240 1560 carent.
1296 1514 1500 1561 Versuum
1529 1514 1688 1558 numeri
1715 1513 1833 1558 modo
1863 1514 1907 1558 in
1933 1513 2053 1558 Artis
2080 1519 2191 1572 poet.
2220 1514 2374 1562 decimo
2406 1514 2562 1576 qu'oque

187 1600 312 1630 versu
333 1599 371 1627 a.
387 1586 431 1627 2.
450 1597 502 1626 m.
522 1582 734 1638 adscripti.
796 1581 1023 1625 Scholia
1051 1583 1171 1640 glos
1185 1596 1206 1625 s
1219 1596 1277 1625 ae
1291 1596 1385 1639 que
1415 1582 1577 1625 omnino
1607 1583 1768 1624 absunt.
1829 1580 2122 1626 Correctiones
2138 1586 2367 1642 perpaucae
2381 1590 2424 1628 et
2436 1587 2564 1630 verba

183 1655 341 1698 omissa
362 1666 411 1694 ac
431 1650 618 1708 suppleta
648 1650 740 1692 fere
757 1649 801 1691 in
819 1648 977 1707 Epodis
994 1649 1130 1693 modo.
1162 1675 1215 1682 —
1246 1649 1459 1707 Scriptura
1474 1650 1593 1705 hujus
1611 1648 1764 1692 codicis
1777 1648 2113 1704 luculentissima,
2142 1650 2344 1709 explicata
2359 1657 2401 1695 et
2414 1667 2562 1710 aequa-

182 1721 278 1766 bilis
298 1717 476 1764 indolem
504 1730 671 1775 puram,
701 1714 932 1772 rotundam,
961 1716 1124 1760 minime
1154 1715 1396 1775 angulosam
1417 1715 1646 1774 scripturae
1668 1714 1835 1758 Italicae
1857 1729 1893 1761 s.
1921 1714 2133 1759 Romanae
2152 1717 2397 1762 recentioris
2415 1719 2562 1777 refert,

185 1787 317 1845 qualis
346 1786 471 1829 Saec.
499 1782 596 1827 XV.
637 1782 796 1824 demum
836 1784 911 1825 sub
950 1784 1068 1824 initia
1110 1785 1212 1825 artis
1242 1784 1565 1842 typographicae
1595 1783 1735 1824 excoli
1764 1783 1915 1841 coepit,
1944 1783 2022 1824 h'ac
2050 1784 2143 1841 ipsa
2170 1785 2355 1827 nimirum
2381 1787 2563 1842 iuvante,

186 1859 231 1898 ut
264 1854 380 1910 cujus
420 1851 663 1908 elegantiam
692 1850 854 1892 librarii
883 1850 1192 1892 aemularentur.
1252 1849 1391 1902 Quare
1420 1851 1487 1892 hic
1517 1849 1650 1892 codex
1678 1854 1720 1891 et
1748 1849 1819 1891 alii
1847 1850 1938 1906 ejus
1968 1851 2133 1905 acutis,
2160 1851 2272 1894 velut
2301 1851 2490 1911 Gotting.
2516 1856 2563 1898 8.

186 1926 347 1973 noster,
379 1933 466 1960 cum
494 1918 610 1959 libris
641 1916 766 1961 Sacc.
793 1916 896 1962 XV.
926 1918 970 1958 in
996 1917 1117 1957 Italia
1150 1931 1225 1973 per
1262 1923 1385 1974 typos
1416 1917 1645 1958 accuratius
1676 1917 1890 1973 expressis
1919 1916 2129 1971 plurimum
2157 1918 2308 1961 habent
2336 1921 2564 1964 similitudi-

186 1990 278 2043 nis,
318 1993 362 2030 ut
391 1985 555 2029 Gothici
592 1984 870 2039 characteris,
914 2000 1028 2042 quem
1056 1984 1152 2028 libri
1179 1984 1299 2028 mscti
1328 1999 1440 2029 saec.
1466 1981 1587 2028 XIII.
1617 1987 1659 2027 et
1685 1981 1803 2030 XlV.
1832 1983 1954 2028 etiam
1982 2000 2081 2043 prae
2113 2000 2160 2029 se
2188 1985 2342 2042 ferunt,
2371 2002 2565 2047 quemque

186 2054 459 2116 typographia
489 2051 734 2097 Germanica
761 2052 929 2112 proprio
959 2052 1078 2096 modo
1108 2051 1310 2096 excultum
1336 2055 1434 2111 pest
1461 2051 1582 2095 etiam
1605 2052 1803 2108 servavit,
1830 2051 1980 2095 nullum
1997 2054 2160 2097 omnino
2178 2054 2399 2113 vestigium,
2414 2060 2565 2102 exstet.

182 2124 374 2167 Litterae
404 2122 513 2164 enim
541 2122 721 2176 majores
750 2133 835 2162 non
863 2121 1048 2163 unciales
1078 2120 1346 2176 antiquiorum
1374 2119 1574 2174 codicum,
1604 2119 1678 2162 sed
1694 2120 1889 2175 capitales
1910 2135 2069 2175 omnes,
2099 2123 2242 2178 quibus
2260 2128 2302 2165 et
2318 2123 2438 2167 Artis
2452 2131 2563 2183 poet.

184 2207 224 2235 v.
254 2194 296 2234 1.
338 2190 533 2248 scriptus.
589 2187 783 2230 Litterae
822 2187 1004 2230 minores
1044 2185 1097 2229 ad
1132 2186 1304 2230 formam
1342 2186 1591 2230 minusculae
1628 2185 1839 2230 Romanae
1880 2187 2010 2244 qualis
2055 2202 2166 2233 saec.
2202 2188 2261 2234 X.
2289 2189 2407 2245 fuit„
2434 2205 2564 2250 prope

188 2258 431 2303 accedentes
445 2290 458 2311 ,
499 2260 624 2314 typos
663 2254 860 2298 librorum
888 2252 1123 2297 Italicorum
1162 2267 1271 2297 saec.
1298 2251 1395 2299 XV.
1426 2253 1562 2309 (velut
1589 2251 1775 2299 Venetae
1802 2259 1972 2299 nostrae
2001 2257 2127 2301 1478.
2156 2255 2228 2311 al.)
2257 2257 2456 2302 referunt.
2515 2258 2566 2303 In

186 2327 253 2369 his
281 2325 430 2368 litteris
461 2338 482 2366 s
512 2322 636 2365 finale
667 2322 839 2378 ubique,
870 2320 920 2375 d,
949 2334 1035 2363 non
1064 2319 1116 2375 δ,
1144 2335 1191 2375 ι·,
1235 2334 1318 2363 non
1345 2333 1449 2375 2,.u,
1478 2335 1563 2363 non
1592 2335 1631 2365 v.
1663 2326 1679 2363 t
1705 2322 1786 2364 iam
1816 2335 1941 2380 supra
1967 2321 2115 2365 lineam
2145 2323 2342 2367 escendit.
2399 2324 2565 2370 Vetusti

186 2407 287 2437 usus
316 2391 451 2446 nulla,
486 2389 734 2433 recentioris
771 2388 897 2431 multa
923 2387 1102 2443 indicia,
1145 2388 1189 2430 in
1218 2388 1359 2445 quibus
1388 2388 1405 2430 i
1432 2397 1580 2447 puncto
1611 2389 1756 2446 ubique
1784 2393 1981 2444 notatum,
2010 2389 2039 2447 ij
2069 2390 2184 2449 prius
2213 2391 2421 2435 insolitum
2448 2392 2563 2452 (dij,

184 2459 336 2518 triuij
348 2459 390 2516 s)
422 2475 460 2501 oe
491 2456 639 2516 sigium
670 2456 888 2517 (phoebus)
918 2453 961 2498 G:
1003 2454 1178 2513 siglam,
1218 2454 1336 2498 ductu
1365 2454 1458 2499 'non
1495 2456 1657 2514 utiquo
1697 2455 1773 2500 sed
1811 2456 1941 2514 qualis
1978 2462 2167 2516 typorum
2202 2458 2323 2516 hujus
2363 2460 2456 2504 aevi
2483 2466 2565 2508 est.

186 2528 298 2571 Tum
334 2527 555 2586 praecipue
584 2526 743 2568 recenti
780 2537 895 2567 more
925 2537 951 2565 a
979 2524 1154 2567 vetustis
1184 2523 1301 2568 codd.
1332 2523 1482 2577 alieno,
1511 2525 1679 2567 maioris
1708 2524 1869 2567 litterae
1898 2539 1997 2567 usus
2026 2530 2125 2583 post
2150 2532 2339 2585 punctum
2354 2533 2410 2571 ‚et
2435 2529 2563 2572 inter·

186 2595 363 2652 rogandi
383 2596 545 2651 signum
565 2594 608 2636 in
633 2592 778 2635 mediis
799 2591 994 2635 versibus
1010 2590 1205 2647 frequens
1235 2592 1293 2645 (v.
1325 2606 1360 2635 c.
1388 2589 1426 2636 Ι.
1456 2589 1544 2634 Sat.
1575 2594 1618 2646 1,
1646 2593 1716 2635 9⁰.
1745 2592 1958 2635 metuebat.
1974 2591 2034 2636 At
2045 2593 2153 2638 hunc
2165 2593 2325 2640 liberta.
2341 2597 2438 2639 les.
2452 2610 2560 2641 com·

185 2664 373 2721 ponere?
409 2661 506 2704 Non
545 2675 626 2718 ego
667 2661 870 2713 avarum).
930 2657 1012 2701 His
1058 2656 1109 2700 de
1139 2657 1276 2700 causis
1305 2672 1404 2700 vere
1433 2657 1645 2718 impedior,
1675 2672 1752 2717 quo
1769 2659 1913 2713 ,minus
1941 2659 2048 2704 hunc
2077 2659 2261 2705 codicem
2289 2676 2380 2705 cum
2406 2661 2563 2707 Eberto

183 2730 229 2772 in
259 2727 465 2785 catalogo
495 2741 594 2769 mss.
627 2725 679 2769 ad
707 2741 818 2769 saec.
847 2723 967 2769 XIV.
996 2724 1192 2778 referam,
1221 2739 1247 2766 a
1276 2726 1390 2781 cujus
1417 2725 1556 2769 indole
1586 2730 1672 2768 tota
1699 2727 1840 2785 specie
1868 2727 2087 2781 abhorret3
2117 2729 2282 2773 saeculo
2297 2728 2396 2775 XV.
2423 2730 2562 2787 potius

184 2795 253 2839 vel
279 2794 415 2839 medio
446 2793 514 2836 vel
540 2793 660 2852 paulo
688 2798 786 2852 post
812 2792 987 2836 medium
1015 2792 1140 2851 periti
1166 2791 1325 2835 librarii
1353 2792 1560 2836 sollertiae
1589 2805 1680 2836 eum
1708 2794 1929 2838 attribuere
1958 2808 2108 2854 cogor.
2165 2794 2358 2839 Ceterum
2385 2794 2565 2842 inInlia

187 2878 283 2907 esse
322 2863 544 2921 scriptum,
582 2861 649 2904 vel
686 2862 778 2919 ipsa
817 2859 1115 2918 orthographia
1143 2859 1405 2904 demonstrat.
1462 2859 1569 2903 Nam
1600 2875 1739 2917 quom
1769 2876 1932 2921 semper
1958 2862 2113 2921 legitur
2139 2876 2216 2921 pro
2246 2876 2351 2917 cum,
2380 2865 2561 2908 autun-

185 2946 280 2974 nos
305 2945 381 2989 pro
400 2935 628 2973 autumnos.
642 2934 860 2987 praeterea
873 2934 1085 2971 notamus·
1114 2925 1402 2972 Mecoenas
1431 2928 1530 2983 (hoc
1545 2928 1677 2987 ipsum
1690 2930 1919 2985 recentius)
1938 2929 2236 2983 Salustius,
2263 2927 2560 2987 Lucillius,

186 2997 376 3054 foelix,
405 2997 695 3055 lachryma,
726 2996 1033 3055 quicunque,
1062 3001 1402 3054 percunctor,
1431 2995 1632 3052 hostia,
1660 2996 1904 3040 habunde
1933 3000 2040 3049 θοῆς
2071 2994 2146 3039 sed
2168 2995 2484 3052 milia-nihil.
2505 3021 2559 3032 -—

184 3065 227 3108 L
240 3066 380 3108 ectio
409 3065 530 3123 hujus
559 3064 655 3114 libri
675 3064 909 3124 plerumque
940 3076 1059 3117 sana,
1088 3066 1203 3104 recta
1230 3068 1272 3104 et
1299 3063 1524 3119 emendata,
1553 3065 1693 3107 verbis
1721 3065 1857 3107 rarius
1888 3063 2171 3122 transpositis,
2199 3064 2363 3106 mutatis
2378 3065 2562 3125 saepius,

185 3133 399 3176 rarissime
429 3133 614 3188 omissis,
643 3132 769 3176 multa
785 3132 911 3176 habet
937 3130 1110 3191 propria
1138 3130 1379 3188 cognitaque
1409 3132 1570 3175 omnino
1601 3131 1742 3191 digna,
1770 3132 1869 3176 licet
1897 3146 1952 3176 ex
1969 3131 2229 3175 librariorum
2241 3131 2427 3190 ingenio,
2456 3138 2502 3178 ut
2512 3133 2561 3179 fit

187 3201 231 3245 in
259 3200 557 3245 recentioribus
574 3201 716 3245 msctis
745 3199 972 3261 plerisque,
1000 3195 1111 3241 baud
1137 3211 1265 3257 pauca
1290 3198 1478 3258 profecta
1508 3199 1603 3244 sint.
1659 3199 1891 3244 Lectiones
1920 3213 1977 3244 ex
2003 3197 2183 3244 odarum
2209 3197 2326 3244 libris
2346 3204 2390 3244 et
2400 3195 2558 3261 Epodis
